symbol,price,volume,timestamp
MSFT,414.58,211,2026-04-16T15:01:30.739653+00:00
GOOGL,139.94,327,2026-04-16T15:01:31.059954+00:00
GOOGL,139.78,97,2026-04-16T15:01:31.160974+00:00
TSLA,175.21,19,2026-04-16T15:01:31.261923+00:00
GOOGL,139.55,173,2026-04-16T15:01:31.362838+00:00
AAPL,181.59,400,2026-04-16T15:01:31.463851+00:00
TSLA,175.17,409,2026-04-16T15:01:31.564581+00:00
AMZN,185.25,186,2026-04-16T15:01:31.665508+00:00
AMZN,184.81,262,2026-04-16T15:01:31.766517+00:00
MSFT,414.76,111,2026-04-16T15:01:31.867680+00:00
MSFT,414.79,265,2026-04-16T15:01:31.968630+00:00
AAPL,181.94,145,2026-04-16T15:01:32.069489+00:00
MSFT,415.26,276,2026-04-16T15:01:32.170436+00:00
AMZN,184.99,407,2026-04-16T15:01:32.271585+00:00
GOOGL,139.44,342,2026-04-16T15:01:32.372474+00:00
AAPL,182.27,118,2026-04-16T15:01:32.473244+00:00
TSLA,175.63,185,2026-04-16T15:01:32.573990+00:00
GOOGL,139.34,223,2026-04-16T15:01:32.674553+00:00
MSFT,414.87,464,2026-04-16T15:01:32.775735+00:00
MSFT,414.58,65,2026-04-16T15:01:32.876929+00:00
MSFT,414.6,321,2026-04-16T15:01:32.977627+00:00
GOOGL,139.76,294,2026-04-16T15:01:33.078411+00:00
AMZN,184.82,204,2026-04-16T15:01:33.179241+00:00
AAPL,182.21,241,2026-04-16T15:01:33.280069+00:00
TSLA,176.03,25,2026-04-16T15:01:33.380951+00:00
MSFT,414.63,119,2026-04-16T15:01:33.481806+00:00
GOOGL,139.87,16,2026-04-16T15:01:33.582765+00:00
AAPL,181.98,327,2026-04-16T15:01:33.683884+00:00
AAPL,181.83,137,2026-04-16T15:01:33.784981+00:00
AMZN,184.73,429,2026-04-16T15:01:33.885881+00:00
MSFT,414.19,300,2026-04-16T15:01:33.986343+00:00
AAPL,181.69,167,2026-04-16T15:01:34.087166+00:00
AMZN,184.24,382,2026-04-16T15:01:34.188023+00:00
MSFT,414.39,424,2026-04-16T15:01:34.288708+00:00
MSFT,413.94,90,2026-04-16T15:01:34.389550+00:00
GOOGL,139.49,388,2026-04-16T15:01:34.490743+00:00
AAPL,181.59,196,2026-04-16T15:01:34.591556+00:00
MSFT,414.0,452,2026-04-16T15:01:34.692307+00:00
TSLA,175.78,438,2026-04-16T15:01:34.793045+00:00
AMZN,184.11,386,2026-04-16T15:01:34.893496+00:00
MSFT,414.28,458,2026-04-16T15:01:34.993990+00:00
AMZN,184.24,33,2026-04-16T15:01:35.095308+00:00
TSLA,175.61,471,2026-04-16T15:01:35.195994+00:00
TSLA,175.48,480,2026-04-16T15:01:35.296991+00:00
AMZN,184.73,182,2026-04-16T15:01:35.397887+00:00
AMZN,184.61,260,2026-04-16T15:01:35.498701+00:00
TSLA,175.04,151,2026-04-16T15:01:35.599565+00:00
AMZN,184.67,379,2026-04-16T15:01:35.700297+00:00
AMZN,184.64,404,2026-04-16T15:01:35.801213+00:00
GOOGL,139.45,261,2026-04-16T15:01:35.902189+00:00
AAPL,181.25,450,2026-04-16T15:01:36.002659+00:00
TSLA,175.16,268,2026-04-16T15:01:36.103470+00:00
GOOGL,139.27,323,2026-04-16T15:01:36.204174+00:00
AMZN,184.48,111,2026-04-16T15:01:36.304903+00:00
AAPL,181.61,418,2026-04-16T15:01:36.405610+00:00
MSFT,414.05,454,2026-04-16T15:01:36.506452+00:00
MSFT,414.02,61,2026-04-16T15:01:36.607348+00:00
TSLA,175.53,28,2026-04-16T15:01:36.708322+00:00
AAPL,181.67,280,2026-04-16T15:01:36.809242+00:00
AMZN,184.73,146,2026-04-16T15:01:36.910156+00:00
AMZN,184.24,315,2026-04-16T15:01:37.011063+00:00
AMZN,184.3,496,2026-04-16T15:01:37.111458+00:00
TSLA,175.49,147,2026-04-16T15:01:37.211885+00:00
AMZN,183.8,296,2026-04-16T15:01:37.312637+00:00
AMZN,183.85,458,2026-04-16T15:01:37.413473+00:00
AAPL,181.94,453,2026-04-16T15:01:37.514363+00:00
AAPL,182.22,334,2026-04-16T15:01:37.615206+00:00
AMZN,183.99,296,2026-04-16T15:01:37.715679+00:00
AMZN,184.12,109,2026-04-16T15:01:37.816539+00:00
MSFT,414.32,164,2026-04-16T15:01:37.916972+00:00
GOOGL,139.34,202,2026-04-16T15:01:38.017347+00:00
GOOGL,139.44,170,2026-04-16T15:01:38.118516+00:00
TSLA,175.41,229,2026-04-16T15:01:38.219375+00:00
GOOGL,139.4,317,2026-04-16T15:01:38.319796+00:00
TSLA,175.88,372,2026-04-16T15:01:38.420679+00:00
MSFT,413.93,364,2026-04-16T15:01:38.521560+00:00
AMZN,183.76,452,2026-04-16T15:01:38.622272+00:00
AAPL,182.72,365,2026-04-16T15:01:38.723020+00:00
AAPL,182.4,329,2026-04-16T15:01:38.823896+00:00
TSLA,176.0,395,2026-04-16T15:01:38.924347+00:00
AAPL,182.18,272,2026-04-16T15:01:39.025222+00:00
MSFT,414.04,236,2026-04-16T15:01:39.126096+00:00
GOOGL,139.87,222,2026-04-16T15:01:39.226952+00:00
GOOGL,140.19,192,2026-04-16T15:01:39.327990+00:00
TSLA,176.01,320,2026-04-16T15:01:39.428451+00:00
AAPL,182.04,356,2026-04-16T15:01:39.529406+00:00
AMZN,183.65,346,2026-04-16T15:01:39.630334+00:00
MSFT,413.88,470,2026-04-16T15:01:39.731165+00:00
GOOGL,140.06,111,2026-04-16T15:01:39.831987+00:00
TSLA,175.53,261,2026-04-16T15:01:39.932931+00:00
GOOGL,139.85,77,2026-04-16T15:01:40.033408+00:00
AMZN,183.93,316,2026-04-16T15:01:40.134331+00:00
TSLA,175.26,129,2026-04-16T15:01:40.235227+00:00
GOOGL,140.08,375,2026-04-16T15:01:40.335907+00:00
GOOGL,139.85,236,2026-04-16T15:01:40.436602+00:00
AMZN,183.65,14,2026-04-16T15:01:40.536964+00:00
GOOGL,139.77,28,2026-04-16T15:01:40.637609+00:00
AMZN,183.94,263,2026-04-16T15:01:40.738317+00:00
MSFT,413.58,419,2026-04-16T15:01:40.839174+00:00
GOOGL,139.86,154,2026-04-16T15:01:40.940038+00:00
AAPL,182.39,487,2026-04-16T15:01:41.040856+00:00
AAPL,182.46,61,2026-04-16T15:01:41.141693+00:00
AMZN,183.69,89,2026-04-16T15:01:41.242079+00:00
MSFT,413.71,224,2026-04-16T15:01:41.342807+00:00
AAPL,182.83,449,2026-04-16T15:01:41.443227+00:00
GOOGL,139.94,490,2026-04-16T15:01:41.544022+00:00
AMZN,183.87,313,2026-04-16T15:01:41.644906+00:00
GOOGL,139.92,427,2026-04-16T15:01:41.745905+00:00
MSFT,413.29,134,2026-04-16T15:01:41.846851+00:00
AAPL,182.93,146,2026-04-16T15:01:41.947764+00:00
TSLA,175.29,241,2026-04-16T15:01:42.048612+00:00
AAPL,183.31,134,2026-04-16T15:01:42.148290+00:00
GOOGL,139.92,179,2026-04-16T15:01:42.249274+00:00
TSLA,175.67,62,2026-04-16T15:01:42.350132+00:00
AMZN,184.27,495,2026-04-16T15:01:42.451011+00:00
GOOGL,139.79,229,2026-04-16T15:01:42.551786+00:00
AMZN,184.11,268,2026-04-16T15:01:42.652229+00:00
AMZN,183.75,411,2026-04-16T15:01:42.752709+00:00
TSLA,176.12,483,2026-04-16T15:01:42.853539+00:00
TSLA,175.71,154,2026-04-16T15:01:42.953909+00:00
MSFT,413.17,47,2026-04-16T15:01:43.054813+00:00
AMZN,183.3,233,2026-04-16T15:01:43.155813+00:00
AAPL,183.15,287,2026-04-16T15:01:43.256669+00:00
AMZN,183.15,121,2026-04-16T15:01:43.357761+00:00
TSLA,175.89,443,2026-04-16T15:01:43.458726+00:00
GOOGL,139.39,314,2026-04-16T15:01:43.559180+00:00
GOOGL,139.78,404,2026-04-16T15:01:43.660049+00:00
AMZN,183.32,376,2026-04-16T15:01:43.761037+00:00
AAPL,183.21,47,2026-04-16T15:01:43.861995+00:00
MSFT,413.56,165,2026-04-16T15:01:43.963041+00:00
AMZN,183.31,24,2026-04-16T15:01:44.064280+00:00
TSLA,176.11,249,2026-04-16T15:01:44.164832+00:00
TSLA,175.89,491,2026-04-16T15:01:44.266183+00:00
GOOGL,139.32,389,2026-04-16T15:01:44.367253+00:00
TSLA,176.27,80,2026-04-16T15:01:44.467971+00:00
AMZN,182.86,55,2026-04-16T15:01:44.568946+00:00
TSLA,176.03,264,2026-04-16T15:01:44.669532+00:00
TSLA,175.58,251,2026-04-16T15:01:44.770634+00:00
MSFT,413.52,219,2026-04-16T15:01:44.871450+00:00
GOOGL,139.02,371,2026-04-16T15:01:44.972117+00:00
AMZN,182.94,159,2026-04-16T15:01:45.073033+00:00
MSFT,413.1,14,2026-04-16T15:01:45.173885+00:00
TSLA,175.51,393,2026-04-16T15:01:45.274661+00:00
TSLA,175.21,261,2026-04-16T15:01:45.375362+00:00
AMZN,182.45,51,2026-04-16T15:01:45.476060+00:00
MSFT,413.31,32,2026-04-16T15:01:45.576960+00:00
GOOGL,139.05,393,2026-04-16T15:01:45.677957+00:00
MSFT,413.42,261,2026-04-16T15:01:45.778858+00:00
AAPL,183.37,135,2026-04-16T15:01:45.879595+00:00
AMZN,182.57,393,2026-04-16T15:01:45.980430+00:00
MSFT,412.99,456,2026-04-16T15:01:46.081482+00:00
TSLA,175.35,340,2026-04-16T15:01:46.182425+00:00
MSFT,413.18,72,2026-04-16T15:01:46.283174+00:00
AAPL,183.41,379,2026-04-16T15:01:46.384069+00:00
MSFT,413.53,489,2026-04-16T15:01:46.484989+00:00
AMZN,182.37,467,2026-04-16T15:01:46.586546+00:00
AMZN,182.61,66,2026-04-16T15:01:46.687416+00:00
AMZN,182.24,233,2026-04-16T15:01:46.788571+00:00
AAPL,183.83,476,2026-04-16T15:01:46.889847+00:00
AAPL,183.7,53,2026-04-16T15:01:46.991108+00:00
TSLA,175.39,273,2026-04-16T15:01:47.092028+00:00
AAPL,183.88,129,2026-04-16T15:01:47.192687+00:00
MSFT,413.06,185,2026-04-16T15:01:47.293514+00:00
TSLA,175.01,486,2026-04-16T15:01:47.394390+00:00
AAPL,184.36,368,2026-04-16T15:01:47.495520+00:00
AMZN,182.57,361,2026-04-16T15:01:47.595972+00:00
TSLA,175.2,260,2026-04-16T15:01:47.696864+00:00
TSLA,175.44,352,2026-04-16T15:01:47.797646+00:00
TSLA,175.75,286,2026-04-16T15:01:47.898530+00:00
TSLA,175.88,16,2026-04-16T15:01:48.000366+00:00
MSFT,413.04,79,2026-04-16T15:01:48.101222+00:00
GOOGL,138.8,441,2026-04-16T15:01:48.202224+00:00
AMZN,182.6,85,2026-04-16T15:01:48.303487+00:00
MSFT,412.57,446,2026-04-16T15:01:48.404524+00:00
MSFT,412.78,188,2026-04-16T15:01:48.506143+00:00
AMZN,182.87,223,2026-04-16T15:01:48.606996+00:00
MSFT,412.96,25,2026-04-16T15:01:48.707658+00:00
AAPL,184.3,368,2026-04-16T15:01:48.808380+00:00
MSFT,413.21,108,2026-04-16T15:01:48.909250+00:00
AMZN,183.01,302,2026-04-16T15:01:49.009939+00:00
GOOGL,138.34,96,2026-04-16T15:01:49.110739+00:00
AAPL,183.91,90,2026-04-16T15:01:49.211658+00:00
TSLA,175.55,43,2026-04-16T15:01:49.312676+00:00
GOOGL,138.69,449,2026-04-16T15:01:49.413830+00:00
AMZN,183.41,391,2026-04-16T15:01:49.514690+00:00
AAPL,183.97,19,2026-04-16T15:01:49.615575+00:00
GOOGL,138.21,43,2026-04-16T15:01:49.716497+00:00
AAPL,183.94,28,2026-04-16T15:01:49.817434+00:00
GOOGL,138.25,253,2026-04-16T15:01:49.918321+00:00
GOOGL,138.69,460,2026-04-16T15:01:50.019149+00:00
AAPL,183.57,170,2026-04-16T15:01:50.120059+00:00
GOOGL,138.22,100,2026-04-16T15:01:50.220767+00:00
GOOGL,138.19,220,2026-04-16T15:01:50.321706+00:00
TSLA,175.56,428,2026-04-16T15:01:50.422939+00:00
AAPL,183.8,472,2026-04-16T15:01:50.523787+00:00
TSLA,175.14,146,2026-04-16T15:01:50.624300+00:00
AAPL,183.99,37,2026-04-16T15:01:50.725295+00:00
AMZN,183.88,422,2026-04-16T15:01:50.826219+00:00
MSFT,413.56,337,2026-04-16T15:01:50.927167+00:00
AMZN,184.3,109,2026-04-16T15:01:51.027979+00:00
AAPL,184.43,72,2026-04-16T15:01:51.128804+00:00
TSLA,174.66,256,2026-04-16T15:01:51.229530+00:00
TSLA,174.5,225,2026-04-16T15:01:51.330685+00:00
AAPL,184.54,204,2026-04-16T15:01:51.431089+00:00
GOOGL,138.51,420,2026-04-16T15:01:51.531992+00:00
TSLA,174.13,22,2026-04-16T15:01:51.632743+00:00
TSLA,174.39,407,2026-04-16T15:01:51.733623+00:00
MSFT,413.22,328,2026-04-16T15:01:51.834458+00:00
TSLA,174.87,466,2026-04-16T15:01:51.935179+00:00
AAPL,185.04,38,2026-04-16T15:01:52.035891+00:00
MSFT,413.41,103,2026-04-16T15:01:52.136800+00:00
TSLA,174.66,181,2026-04-16T15:01:52.237645+00:00
GOOGL,138.22,155,2026-04-16T15:01:52.338458+00:00
AAPL,184.62,467,2026-04-16T15:01:52.439318+00:00
TSLA,174.24,295,2026-04-16T15:01:52.540038+00:00
AMZN,184.33,418,2026-04-16T15:01:52.641022+00:00
AAPL,184.9,475,2026-04-16T15:01:52.741906+00:00
MSFT,413.39,257,2026-04-16T15:01:52.842713+00:00
MSFT,413.19,369,2026-04-16T15:01:52.943496+00:00
AAPL,184.41,171,2026-04-16T15:01:53.044415+00:00
AMZN,184.77,478,2026-04-16T15:01:53.145276+00:00
GOOGL,138.12,206,2026-04-16T15:01:53.246191+00:00
AAPL,184.9,346,2026-04-16T15:01:53.346919+00:00
GOOGL,138.01,424,2026-04-16T15:01:53.447729+00:00
AAPL,184.58,74,2026-04-16T15:01:53.548229+00:00
AMZN,184.48,321,2026-04-16T15:01:53.648982+00:00
AAPL,184.44,340,2026-04-16T15:01:53.749874+00:00
GOOGL,138.03,392,2026-04-16T15:01:53.850771+00:00
GOOGL,138.53,93,2026-04-16T15:01:53.951649+00:00
TSLA,174.24,429,2026-04-16T15:01:54.052493+00:00
TSLA,174.48,140,2026-04-16T15:01:54.153441+00:00
TSLA,174.17,160,2026-04-16T15:01:54.254123+00:00
AMZN,184.45,144,2026-04-16T15:01:54.355063+00:00
AAPL,184.06,254,2026-04-16T15:01:54.455832+00:00
TSLA,174.45,276,2026-04-16T15:01:54.556653+00:00
AAPL,183.89,492,2026-04-16T15:01:54.657535+00:00
TSLA,174.2,493,2026-04-16T15:01:54.758467+00:00
MSFT,413.16,395,2026-04-16T15:01:54.859774+00:00
GOOGL,138.6,312,2026-04-16T15:01:54.960950+00:00
MSFT,413.49,468,2026-04-16T15:01:55.061854+00:00
AMZN,184.02,326,2026-04-16T15:01:55.162782+00:00
MSFT,413.93,337,2026-04-16T15:01:55.263825+00:00
MSFT,414.34,416,2026-04-16T15:01:55.364647+00:00
GOOGL,138.26,126,2026-04-16T15:01:55.465578+00:00
GOOGL,138.53,367,2026-04-16T15:01:55.566039+00:00
MSFT,414.07,32,2026-04-16T15:01:55.666965+00:00
TSLA,174.54,111,2026-04-16T15:01:55.767842+00:00
MSFT,414.42,123,2026-04-16T15:01:55.868550+00:00
GOOGL,138.38,338,2026-04-16T15:01:55.969463+00:00
AMZN,184.48,132,2026-04-16T15:01:56.070244+00:00
TSLA,174.95,297,2026-04-16T15:01:56.171127+00:00
AAPL,183.97,394,2026-04-16T15:01:56.271975+00:00
AAPL,184.08,53,2026-04-16T15:01:56.373093+00:00
GOOGL,138.0,129,2026-04-16T15:01:56.474099+00:00
TSLA,174.5,56,2026-04-16T15:01:56.575018+00:00
GOOGL,137.97,210,2026-04-16T15:01:56.676020+00:00
MSFT,414.75,58,2026-04-16T15:01:56.776984+00:00
MSFT,414.99,452,2026-04-16T15:01:56.877926+00:00
TSLA,174.91,420,2026-04-16T15:01:56.978925+00:00
TSLA,174.94,368,2026-04-16T15:01:57.079774+00:00
MSFT,414.84,49,2026-04-16T15:01:57.180583+00:00
MSFT,415.25,272,2026-04-16T15:01:57.281427+00:00
AAPL,183.86,51,2026-04-16T15:01:57.382243+00:00
TSLA,175.23,440,2026-04-16T15:01:57.483070+00:00
AAPL,183.77,71,2026-04-16T15:01:57.583826+00:00
AMZN,184.71,80,2026-04-16T15:01:57.684259+00:00
MSFT,415.58,106,2026-04-16T15:01:57.785163+00:00
AAPL,183.39,413,2026-04-16T15:01:57.885882+00:00
MSFT,415.29,411,2026-04-16T15:01:57.986769+00:00
AMZN,184.41,473,2026-04-16T15:01:58.087650+00:00
TSLA,175.25,280,2026-04-16T15:01:58.188572+00:00
AAPL,183.11,189,2026-04-16T15:01:58.289541+00:00
AAPL,183.03,87,2026-04-16T15:01:58.390409+00:00
GOOGL,138.23,493,2026-04-16T15:01:58.491342+00:00
AMZN,183.97,178,2026-04-16T15:01:58.592450+00:00
TSLA,175.1,306,2026-04-16T15:01:58.693200+00:00
MSFT,414.91,299,2026-04-16T15:01:58.793621+00:00
AAPL,183.15,384,2026-04-16T15:01:58.894317+00:00
GOOGL,138.3,83,2026-04-16T15:01:58.995235+00:00
MSFT,414.69,444,2026-04-16T15:01:59.096110+00:00
GOOGL,138.3,173,2026-04-16T15:01:59.197117+00:00
AMZN,184.05,223,2026-04-16T15:01:59.297892+00:00
AMZN,184.01,491,2026-04-16T15:01:59.398620+00:00
AAPL,182.92,370,2026-04-16T15:01:59.499530+00:00
AAPL,183.41,210,2026-04-16T15:01:59.600446+00:00
TSLA,175.36,296,2026-04-16T15:01:59.700929+00:00
MSFT,415.15,440,2026-04-16T15:01:59.801352+00:00
GOOGL,137.99,163,2026-04-16T15:01:59.902320+00:00
AMZN,184.07,274,2026-04-16T15:02:00.003062+00:00
TSLA,175.24,87,2026-04-16T15:02:00.104023+00:00
TSLA,174.74,110,2026-04-16T15:02:00.204933+00:00
MSFT,415.6,250,2026-04-16T15:02:00.305671+00:00
AMZN,184.44,84,2026-04-16T15:02:00.406057+00:00
AMZN,184.62,340,2026-04-16T15:02:00.506905+00:00
MSFT,415.15,31,2026-04-16T15:02:00.607237+00:00
AAPL,183.13,244,2026-04-16T15:02:00.708177+00:00
AAPL,183.43,353,2026-04-16T15:02:00.809439+00:00
AAPL,183.69,181,2026-04-16T15:02:00.910336+00:00
AAPL,183.35,363,2026-04-16T15:02:01.011107+00:00
TSLA,175.21,305,2026-04-16T15:02:01.111919+00:00
AMZN,184.36,67,2026-04-16T15:02:01.212674+00:00
GOOGL,138.32,239,2026-04-16T15:02:01.313389+00:00
GOOGL,138.44,60,2026-04-16T15:02:01.414334+00:00
MSFT,414.68,141,2026-04-16T15:02:01.515126+00:00
GOOGL,138.07,492,2026-04-16T15:02:01.616079+00:00
MSFT,414.89,86,2026-04-16T15:02:01.717169+00:00
GOOGL,138.26,156,2026-04-16T15:02:01.818213+00:00
TSLA,175.08,18,2026-04-16T15:02:01.919112+00:00
TSLA,175.01,55,2026-04-16T15:02:02.019995+00:00
MSFT,414.87,95,2026-04-16T15:02:02.120942+00:00
GOOGL,138.06,489,2026-04-16T15:02:02.221359+00:00
MSFT,414.43,341,2026-04-16T15:02:02.322309+00:00
TSLA,175.21,72,2026-04-16T15:02:02.422768+00:00
AAPL,183.59,69,2026-04-16T15:02:02.523573+00:00
TSLA,175.26,463,2026-04-16T15:02:02.624368+00:00
AMZN,184.54,81,2026-04-16T15:02:02.724771+00:00
AAPL,183.69,165,2026-04-16T15:02:02.825610+00:00
MSFT,414.05,186,2026-04-16T15:02:02.926419+00:00
TSLA,174.98,26,2026-04-16T15:02:03.027214+00:00
AAPL,184.02,327,2026-04-16T15:02:03.128134+00:00
AMZN,184.48,76,2026-04-16T15:02:03.229045+00:00
TSLA,175.44,231,2026-04-16T15:02:03.329894+00:00
AMZN,184.92,130,2026-04-16T15:02:03.430830+00:00
GOOGL,138.01,462,2026-04-16T15:02:03.531888+00:00
AAPL,183.7,47,2026-04-16T15:02:03.632747+00:00
AAPL,183.35,204,2026-04-16T15:02:03.733671+00:00
MSFT,413.59,92,2026-04-16T15:02:03.834126+00:00
MSFT,413.66,77,2026-04-16T15:02:03.935023+00:00
GOOGL,138.22,365,2026-04-16T15:02:04.035769+00:00
GOOGL,138.37,304,2026-04-16T15:02:04.136697+00:00
TSLA,175.13,16,2026-04-16T15:02:04.237177+00:00
AMZN,185.27,129,2026-04-16T15:02:04.337712+00:00
TSLA,174.81,337,2026-04-16T15:02:04.438660+00:00
AMZN,185.46,180,2026-04-16T15:02:04.539521+00:00
TSLA,174.4,13,2026-04-16T15:02:04.640321+00:00
GOOGL,138.15,363,2026-04-16T15:02:04.741399+00:00
AAPL,183.47,279,2026-04-16T15:02:04.842362+00:00
MSFT,413.19,244,2026-04-16T15:02:04.943247+00:00
GOOGL,138.45,42,2026-04-16T15:02:05.044022+00:00
TSLA,174.35,343,2026-04-16T15:02:05.144995+00:00
AAPL,183.95,401,2026-04-16T15:02:05.245694+00:00
AMZN,185.01,283,2026-04-16T15:02:05.346486+00:00
AAPL,184.06,126,2026-04-16T15:02:05.447333+00:00
TSLA,174.56,376,2026-04-16T15:02:05.548206+00:00
GOOGL,138.17,308,2026-04-16T15:02:05.649215+00:00
AMZN,184.66,294,2026-04-16T15:02:05.749753+00:00
AMZN,184.64,361,2026-04-16T15:02:05.850623+00:00
AMZN,184.52,361,2026-04-16T15:02:05.951467+00:00
AAPL,184.18,279,2026-04-16T15:02:06.052460+00:00
GOOGL,138.29,421,2026-04-16T15:02:06.153434+00:00
MSFT,412.85,113,2026-04-16T15:02:06.254340+00:00
AAPL,183.78,426,2026-04-16T15:02:06.355567+00:00
AMZN,184.75,218,2026-04-16T15:02:06.456544+00:00
TSLA,174.68,303,2026-04-16T15:02:06.557424+00:00
AMZN,184.43,425,2026-04-16T15:02:06.657888+00:00
AMZN,184.63,33,2026-04-16T15:02:06.758716+00:00
AMZN,184.47,213,2026-04-16T15:02:06.859696+00:00
AAPL,183.98,471,2026-04-16T15:02:06.960565+00:00
TSLA,174.79,149,2026-04-16T15:02:07.061841+00:00
MSFT,412.77,256,2026-04-16T15:02:07.162801+00:00
MSFT,413.22,218,2026-04-16T15:02:07.263728+00:00
AMZN,184.27,65,2026-04-16T15:02:07.364484+00:00
GOOGL,138.07,482,2026-04-16T15:02:07.465405+00:00
TSLA,174.92,72,2026-04-16T15:02:07.566304+00:00
MSFT,413.6,103,2026-04-16T15:02:07.667085+00:00
MSFT,413.6,295,2026-04-16T15:02:07.767525+00:00
MSFT,413.16,57,2026-04-16T15:02:07.868362+00:00
TSLA,174.46,179,2026-04-16T15:02:07.969334+00:00
TSLA,174.44,392,2026-04-16T15:02:08.070233+00:00
AMZN,184.53,135,2026-04-16T15:02:08.170596+00:00
MSFT,412.87,194,2026-04-16T15:02:08.271398+00:00
AAPL,184.34,326,2026-04-16T15:02:08.371916+00:00
AMZN,184.22,340,2026-04-16T15:02:08.472819+00:00
AAPL,183.9,473,2026-04-16T15:02:08.573708+00:00
TSLA,174.34,97,2026-04-16T15:02:08.674556+00:00
AMZN,184.34,346,2026-04-16T15:02:08.775361+00:00
GOOGL,138.31,419,2026-04-16T15:02:08.875717+00:00
AMZN,184.52,458,2026-04-16T15:02:08.976697+00:00
MSFT,412.71,263,2026-04-16T15:02:09.077580+00:00
GOOGL,138.28,413,2026-04-16T15:02:09.178580+00:00
MSFT,412.86,494,2026-04-16T15:02:09.278994+00:00
MSFT,412.67,456,2026-04-16T15:02:09.379843+00:00
TSLA,174.8,64,2026-04-16T15:02:09.480764+00:00
MSFT,412.64,212,2026-04-16T15:02:09.581635+00:00
MSFT,412.17,448,2026-04-16T15:02:09.682354+00:00
GOOGL,138.75,210,2026-04-16T15:02:09.783046+00:00
MSFT,412.11,471,2026-04-16T15:02:09.883897+00:00
AMZN,184.6,450,2026-04-16T15:02:09.984343+00:00
AMZN,184.43,427,2026-04-16T15:02:10.085187+00:00
MSFT,411.69,437,2026-04-16T15:02:10.186007+00:00
MSFT,412.04,480,2026-04-16T15:02:10.286770+00:00
AMZN,184.73,225,2026-04-16T15:02:10.387672+00:00
MSFT,411.88,221,2026-04-16T15:02:10.488538+00:00
TSLA,174.86,409,2026-04-16T15:02:10.589431+00:00
AAPL,183.47,89,2026-04-16T15:02:10.689839+00:00
MSFT,412.1,46,2026-04-16T15:02:10.790458+00:00
AMZN,184.45,80,2026-04-16T15:02:10.891330+00:00
TSLA,174.78,337,2026-04-16T15:02:10.992150+00:00
MSFT,412.25,374,2026-04-16T15:02:11.092573+00:00
TSLA,175.22,216,2026-04-16T15:02:11.193405+00:00
GOOGL,138.57,448,2026-04-16T15:02:11.294641+00:00
MSFT,412.55,15,2026-04-16T15:02:11.395515+00:00
AMZN,184.2,68,2026-04-16T15:02:11.496341+00:00
TSLA,175.53,182,2026-04-16T15:02:11.597187+00:00
TSLA,175.5,378,2026-04-16T15:02:11.698027+00:00
AMZN,184.02,248,2026-04-16T15:02:11.798744+00:00
AAPL,183.61,55,2026-04-16T15:02:11.899674+00:00
AMZN,184.23,413,2026-04-16T15:02:12.000176+00:00
MSFT,412.88,52,2026-04-16T15:02:12.101129+00:00
AAPL,183.6,144,2026-04-16T15:02:12.200451+00:00
AAPL,183.83,213,2026-04-16T15:02:12.301407+00:00
TSLA,175.68,169,2026-04-16T15:02:12.402345+00:00
TSLA,176.14,49,2026-04-16T15:02:12.503373+00:00
MSFT,413.21,343,2026-04-16T15:02:12.604264+00:00
GOOGL,138.73,114,2026-04-16T15:02:12.704700+00:00
MSFT,413.42,337,2026-04-16T15:02:12.805132+00:00
MSFT,413.59,304,2026-04-16T15:02:12.906062+00:00
TSLA,175.73,156,2026-04-16T15:02:13.007133+00:00
AMZN,184.18,23,2026-04-16T15:02:13.107981+00:00
GOOGL,138.97,385,2026-04-16T15:02:13.208796+00:00
MSFT,413.2,292,2026-04-16T15:02:13.309608+00:00
MSFT,412.92,395,2026-04-16T15:02:13.410022+00:00
AMZN,184.42,306,2026-04-16T15:02:13.510844+00:00
MSFT,412.97,191,2026-04-16T15:02:13.611742+00:00
AMZN,184.57,21,2026-04-16T15:02:13.712172+00:00
MSFT,413.15,69,2026-04-16T15:02:13.812969+00:00
AMZN,184.97,12,2026-04-16T15:02:13.913416+00:00
AMZN,184.91,31,2026-04-16T15:02:14.013844+00:00
AMZN,184.85,194,2026-04-16T15:02:14.114256+00:00
AMZN,185.09,237,2026-04-16T15:02:14.215108+00:00
AMZN,184.89,259,2026-04-16T15:02:14.315868+00:00
AMZN,185.04,42,2026-04-16T15:02:14.416732+00:00
MSFT,413.23,213,2026-04-16T15:02:14.517355+00:00
AAPL,184.24,459,2026-04-16T15:02:14.618148+00:00
AAPL,183.89,391,2026-04-16T15:02:14.719044+00:00
GOOGL,138.61,108,2026-04-16T15:02:14.819725+00:00
TSLA,175.27,383,2026-04-16T15:02:14.920076+00:00
AMZN,185.46,173,2026-04-16T15:02:15.020888+00:00
GOOGL,138.72,476,2026-04-16T15:02:15.121676+00:00
GOOGL,138.32,303,2026-04-16T15:02:15.222123+00:00
TSLA,175.24,436,2026-04-16T15:02:15.323038+00:00
GOOGL,138.55,136,2026-04-16T15:02:15.423929+00:00
MSFT,412.79,216,2026-04-16T15:02:15.525030+00:00
AMZN,185.94,370,2026-04-16T15:02:15.625997+00:00
TSLA,174.81,467,2026-04-16T15:02:15.727035+00:00
GOOGL,138.37,158,2026-04-16T15:02:15.827482+00:00
MSFT,412.64,467,2026-04-16T15:02:15.928376+00:00
GOOGL,138.19,352,2026-04-16T15:02:16.029640+00:00
GOOGL,138.4,475,2026-04-16T15:02:16.130580+00:00
GOOGL,138.0,161,2026-04-16T15:02:16.231588+00:00
AMZN,186.14,218,2026-04-16T15:02:16.332517+00:00
AMZN,185.88,470,2026-04-16T15:02:16.433548+00:00
AMZN,185.79,493,2026-04-16T15:02:16.534443+00:00
MSFT,412.16,78,2026-04-16T15:02:16.635453+00:00
MSFT,411.81,33,2026-04-16T15:02:16.736344+00:00
TSLA,175.08,75,2026-04-16T15:02:16.836826+00:00
AAPL,183.84,14,2026-04-16T15:02:16.937530+00:00
MSFT,411.9,430,2026-04-16T15:02:17.038454+00:00
TSLA,175.25,309,2026-04-16T15:02:17.139098+00:00
MSFT,411.89,304,2026-04-16T15:02:17.239972+00:00
MSFT,411.61,381,2026-04-16T15:02:17.340839+00:00
TSLA,175.58,409,2026-04-16T15:02:17.441682+00:00
AAPL,183.93,281,2026-04-16T15:02:17.542533+00:00
AMZN,186.24,478,2026-04-16T15:02:17.643481+00:00
AAPL,184.37,382,2026-04-16T15:02:17.744407+00:00
MSFT,411.91,408,2026-04-16T15:02:17.845354+00:00
AAPL,184.41,237,2026-04-16T15:02:17.946290+00:00
AAPL,184.7,54,2026-04-16T15:02:18.046630+00:00
MSFT,411.66,322,2026-04-16T15:02:18.147519+00:00
AAPL,185.16,205,2026-04-16T15:02:18.248264+00:00
MSFT,411.51,36,2026-04-16T15:02:18.349296+00:00
AAPL,184.73,150,2026-04-16T15:02:18.450178+00:00
AMZN,186.24,93,2026-04-16T15:02:18.551042+00:00
TSLA,175.75,207,2026-04-16T15:02:18.651833+00:00
MSFT,411.38,17,2026-04-16T15:02:18.752649+00:00
GOOGL,137.68,239,2026-04-16T15:02:18.853531+00:00
AAPL,184.35,133,2026-04-16T15:02:18.954359+00:00
AAPL,184.77,95,2026-04-16T15:02:19.055184+00:00
MSFT,410.93,52,2026-04-16T15:02:19.155968+00:00
AAPL,184.96,391,2026-04-16T15:02:19.256824+00:00
TSLA,175.8,300,2026-04-16T15:02:19.357612+00:00
AMZN,186.66,329,2026-04-16T15:02:19.458306+00:00
GOOGL,137.66,71,2026-04-16T15:02:19.559154+00:00
TSLA,175.63,235,2026-04-16T15:02:19.660089+00:00
MSFT,410.84,97,2026-04-16T15:02:19.760912+00:00
MSFT,410.72,197,2026-04-16T15:02:19.861384+00:00
AAPL,184.49,474,2026-04-16T15:02:19.962286+00:00
GOOGL,137.63,114,2026-04-16T15:02:20.063035+00:00
TSLA,175.91,248,2026-04-16T15:02:20.163897+00:00
TSLA,175.56,401,2026-04-16T15:02:20.264791+00:00
GOOGL,138.12,436,2026-04-16T15:02:20.365676+00:00
GOOGL,137.9,202,2026-04-16T15:02:20.466554+00:00
AAPL,184.12,55,2026-04-16T15:02:20.567464+00:00
AAPL,184.4,86,2026-04-16T15:02:20.668298+00:00
TSLA,175.49,131,2026-04-16T15:02:20.769193+00:00
GOOGL,137.77,450,2026-04-16T15:02:20.869686+00:00
GOOGL,137.69,162,2026-04-16T15:02:20.970433+00:00
AMZN,186.27,367,2026-04-16T15:02:21.070849+00:00
MSFT,411.08,159,2026-04-16T15:02:21.171718+00:00
TSLA,175.51,175,2026-04-16T15:02:21.272315+00:00
GOOGL,137.64,269,2026-04-16T15:02:21.373145+00:00
AAPL,183.93,300,2026-04-16T15:02:21.473578+00:00
AAPL,184.38,470,2026-04-16T15:02:21.574459+00:00
TSLA,175.07,373,2026-04-16T15:02:21.675330+00:00
GOOGL,138.01,200,2026-04-16T15:02:21.775762+00:00
AAPL,184.68,147,2026-04-16T15:02:21.876629+00:00
AAPL,185.09,466,2026-04-16T15:02:21.977637+00:00
MSFT,411.53,448,2026-04-16T15:02:22.078556+00:00
GOOGL,137.7,105,2026-04-16T15:02:22.179398+00:00
MSFT,411.36,355,2026-04-16T15:02:22.279775+00:00
MSFT,410.99,205,2026-04-16T15:02:22.380604+00:00
MSFT,411.35,282,2026-04-16T15:02:22.481070+00:00
TSLA,174.63,370,2026-04-16T15:02:22.581537+00:00
TSLA,174.44,78,2026-04-16T15:02:22.682447+00:00
AAPL,185.1,248,2026-04-16T15:02:22.783331+00:00
TSLA,174.05,344,2026-04-16T15:02:22.884355+00:00
MSFT,411.35,107,2026-04-16T15:02:22.985417+00:00
AAPL,185.49,71,2026-04-16T15:02:23.086272+00:00
MSFT,411.05,419,2026-04-16T15:02:23.187182+00:00
AMZN,186.12,157,2026-04-16T15:02:23.288038+00:00
AAPL,185.49,41,2026-04-16T15:02:23.388905+00:00
TSLA,174.24,145,2026-04-16T15:02:23.489832+00:00
TSLA,174.6,459,2026-04-16T15:02:23.590655+00:00
MSFT,411.27,34,2026-04-16T15:02:23.691148+00:00
TSLA,174.11,490,2026-04-16T15:02:23.792006+00:00
AMZN,186.54,333,2026-04-16T15:02:23.892845+00:00
MSFT,411.18,315,2026-04-16T15:02:23.993612+00:00
AMZN,186.12,81,2026-04-16T15:02:24.094042+00:00
GOOGL,137.86,430,2026-04-16T15:02:24.194837+00:00
GOOGL,137.87,160,2026-04-16T15:02:24.295815+00:00
AAPL,185.76,108,2026-04-16T15:02:24.396886+00:00
TSLA,174.02,91,2026-04-16T15:02:24.497863+00:00
TSLA,174.23,126,2026-04-16T15:02:24.598664+00:00
AAPL,186.05,321,2026-04-16T15:02:24.699599+00:00
GOOGL,138.36,180,2026-04-16T15:02:24.800546+00:00
TSLA,173.99,350,2026-04-16T15:02:24.901552+00:00
AAPL,185.95,175,2026-04-16T15:02:25.002482+00:00
MSFT,411.01,15,2026-04-16T15:02:25.103098+00:00
TSLA,173.8,93,2026-04-16T15:02:25.204214+00:00
TSLA,173.74,317,2026-04-16T15:02:25.305244+00:00
TSLA,173.79,315,2026-04-16T15:02:25.406135+00:00
TSLA,173.35,311,2026-04-16T15:02:25.506963+00:00
MSFT,410.76,494,2026-04-16T15:02:25.607785+00:00
TSLA,172.85,147,2026-04-16T15:02:25.708449+00:00
TSLA,172.89,20,2026-04-16T15:02:25.808906+00:00
GOOGL,138.37,221,2026-04-16T15:02:25.909763+00:00
MSFT,410.37,90,2026-04-16T15:02:26.010458+00:00
AAPL,185.59,157,2026-04-16T15:02:26.111403+00:00
MSFT,410.77,300,2026-04-16T15:02:26.212507+00:00
MSFT,410.35,359,2026-04-16T15:02:26.313561+00:00
GOOGL,137.96,345,2026-04-16T15:02:26.414456+00:00
GOOGL,138.34,285,2026-04-16T15:02:26.515428+00:00
MSFT,410.35,212,2026-04-16T15:02:26.616331+00:00
AAPL,185.68,178,2026-04-16T15:02:26.717303+00:00
TSLA,173.07,309,2026-04-16T15:02:26.818043+00:00
AAPL,185.58,413,2026-04-16T15:02:26.919351+00:00
AMZN,186.04,295,2026-04-16T15:02:27.019952+00:00
AMZN,185.71,58,2026-04-16T15:02:27.120637+00:00
GOOGL,138.16,377,2026-04-16T15:02:27.221880+00:00
MSFT,410.4,497,2026-04-16T15:02:27.322662+00:00
GOOGL,137.76,97,2026-04-16T15:02:27.423384+00:00
AAPL,185.72,347,2026-04-16T15:02:27.524355+00:00
AMZN,185.93,200,2026-04-16T15:02:27.625276+00:00
TSLA,173.28,434,2026-04-16T15:02:27.726196+00:00
AMZN,185.5,232,2026-04-16T15:02:27.827099+00:00
AAPL,185.8,242,2026-04-16T15:02:27.928312+00:00
AMZN,185.06,405,2026-04-16T15:02:28.029195+00:00
GOOGL,137.64,411,2026-04-16T15:02:28.130011+00:00
GOOGL,137.28,480,2026-04-16T15:02:28.230535+00:00
TSLA,173.43,431,2026-04-16T15:02:28.331344+00:00
TSLA,173.04,11,2026-04-16T15:02:28.432188+00:00
AMZN,185.34,178,2026-04-16T15:02:28.533285+00:00
AMZN,184.98,457,2026-04-16T15:02:28.634162+00:00
GOOGL,136.78,282,2026-04-16T15:02:28.735073+00:00
AAPL,185.76,158,2026-04-16T15:02:28.835490+00:00
GOOGL,136.77,376,2026-04-16T15:02:28.935975+00:00
GOOGL,136.64,412,2026-04-16T15:02:29.036848+00:00
TSLA,173.54,57,2026-04-16T15:02:29.137698+00:00
MSFT,410.29,488,2026-04-16T15:02:29.238174+00:00
AMZN,185.35,241,2026-04-16T15:02:29.339079+00:00
GOOGL,136.33,401,2026-04-16T15:02:29.440064+00:00
AAPL,186.1,58,2026-04-16T15:02:29.541071+00:00
AMZN,184.93,463,2026-04-16T15:02:29.642001+00:00
MSFT,410.45,453,2026-04-16T15:02:29.742926+00:00
MSFT,410.24,319,2026-04-16T15:02:29.843870+00:00
GOOGL,136.37,388,2026-04-16T15:02:29.944313+00:00
GOOGL,136.41,336,2026-04-16T15:02:30.045055+00:00
MSFT,410.15,36,2026-04-16T15:02:30.146200+00:00
AMZN,184.88,127,2026-04-16T15:02:30.246635+00:00
MSFT,409.8,434,2026-04-16T15:02:30.347190+00:00
MSFT,410.19,150,2026-04-16T15:02:30.447551+00:00
MSFT,409.9,343,2026-04-16T15:02:30.548268+00:00
AAPL,186.02,62,2026-04-16T15:02:30.648623+00:00
GOOGL,136.33,264,2026-04-16T15:02:30.749490+00:00
GOOGL,136.67,447,2026-04-16T15:02:30.850300+00:00
AMZN,185.11,379,2026-04-16T15:02:30.951174+00:00
MSFT,409.54,187,2026-04-16T15:02:31.051863+00:00
GOOGL,136.73,158,2026-04-16T15:02:31.152787+00:00
AMZN,184.94,23,2026-04-16T15:02:31.253800+00:00
TSLA,173.08,203,2026-04-16T15:02:31.354568+00:00
AAPL,186.1,335,2026-04-16T15:02:31.455456+00:00
AAPL,185.68,37,2026-04-16T15:02:31.556280+00:00
GOOGL,136.61,165,2026-04-16T15:02:31.657122+00:00
AAPL,185.68,131,2026-04-16T15:02:31.758049+00:00
AAPL,185.27,386,2026-04-16T15:02:31.858951+00:00
GOOGL,136.65,364,2026-04-16T15:02:31.959860+00:00
AMZN,184.56,26,2026-04-16T15:02:32.060616+00:00
AAPL,185.72,199,2026-04-16T15:02:32.161455+00:00
AMZN,184.6,198,2026-04-16T15:02:32.262681+00:00
AMZN,184.46,262,2026-04-16T15:02:32.363473+00:00
MSFT,409.51,102,2026-04-16T15:02:32.464416+00:00
MSFT,409.13,128,2026-04-16T15:02:32.565292+00:00
GOOGL,136.21,428,2026-04-16T15:02:32.666133+00:00
GOOGL,136.18,298,2026-04-16T15:02:32.766852+00:00
AMZN,184.01,92,2026-04-16T15:02:32.867659+00:00
TSLA,172.89,96,2026-04-16T15:02:32.968536+00:00
AAPL,185.43,69,2026-04-16T15:02:33.069410+00:00
MSFT,409.58,386,2026-04-16T15:02:33.170225+00:00
AAPL,185.57,165,2026-04-16T15:02:33.271101+00:00
TSLA,172.49,237,2026-04-16T15:02:33.371968+00:00
AMZN,184.17,316,2026-04-16T15:02:33.472864+00:00
AAPL,185.42,351,2026-04-16T15:02:33.573693+00:00
MSFT,409.65,136,2026-04-16T15:02:33.674382+00:00
MSFT,410.1,432,2026-04-16T15:02:33.775248+00:00
AMZN,184.31,39,2026-04-16T15:02:33.876238+00:00
TSLA,172.69,39,2026-04-16T15:02:33.977148+00:00
AMZN,184.15,448,2026-04-16T15:02:34.077938+00:00
AAPL,185.8,318,2026-04-16T15:02:34.178617+00:00
AMZN,183.66,17,2026-04-16T15:02:34.279428+00:00
AMZN,183.83,208,2026-04-16T15:02:34.380499+00:00
MSFT,409.74,447,2026-04-16T15:02:34.482016+00:00
GOOGL,135.78,43,2026-04-16T15:02:34.583345+00:00
GOOGL,135.45,455,2026-04-16T15:02:34.684256+00:00
GOOGL,135.4,407,2026-04-16T15:02:34.784696+00:00
TSLA,172.2,237,2026-04-16T15:02:34.885198+00:00
AAPL,186.01,322,2026-04-16T15:02:34.986170+00:00
TSLA,171.72,298,2026-04-16T15:02:35.086973+00:00
GOOGL,135.23,399,2026-04-16T15:02:35.187927+00:00
TSLA,172.07,376,2026-04-16T15:02:35.288450+00:00
TSLA,172.47,367,2026-04-16T15:02:35.389558+00:00
TSLA,172.13,45,2026-04-16T15:02:35.490598+00:00
GOOGL,135.49,203,2026-04-16T15:02:35.591606+00:00
AAPL,185.98,435,2026-04-16T15:02:35.692780+00:00
AMZN,184.04,48,2026-04-16T15:02:35.793649+00:00
AAPL,185.75,186,2026-04-16T15:02:35.894117+00:00
AAPL,185.57,104,2026-04-16T15:02:35.995035+00:00
TSLA,172.37,279,2026-04-16T15:02:36.095859+00:00
AMZN,184.51,27,2026-04-16T15:02:36.196765+00:00
MSFT,410.08,185,2026-04-16T15:02:36.297658+00:00
AAPL,185.61,128,2026-04-16T15:02:36.398672+00:00
GOOGL,135.92,202,2026-04-16T15:02:36.499667+00:00
TSLA,172.47,391,2026-04-16T15:02:36.600334+00:00
TSLA,172.81,429,2026-04-16T15:02:36.701249+00:00
MSFT,410.51,152,2026-04-16T15:02:36.802019+00:00
MSFT,410.11,427,2026-04-16T15:02:36.903085+00:00
MSFT,409.63,489,2026-04-16T15:02:37.004071+00:00
GOOGL,136.33,324,2026-04-16T15:02:37.104878+00:00
AMZN,184.83,264,2026-04-16T15:02:37.205999+00:00
MSFT,409.26,243,2026-04-16T15:02:37.306868+00:00
AMZN,185.1,486,2026-04-16T15:02:37.407873+00:00
TSLA,172.89,470,2026-04-16T15:02:37.508729+00:00
AAPL,185.64,270,2026-04-16T15:02:37.609863+00:00
AAPL,185.27,305,2026-04-16T15:02:37.710762+00:00
AAPL,185.76,290,2026-04-16T15:02:37.811846+00:00
AAPL,186.1,116,2026-04-16T15:02:37.913034+00:00
GOOGL,136.18,191,2026-04-16T15:02:38.013461+00:00
AAPL,185.6,82,2026-04-16T15:02:38.114238+00:00
AMZN,184.79,81,2026-04-16T15:02:38.214779+00:00
TSLA,173.15,56,2026-04-16T15:02:38.316237+00:00
AAPL,185.49,202,2026-04-16T15:02:38.417409+00:00
MSFT,409.66,163,2026-04-16T15:02:38.518236+00:00
AMZN,184.56,369,2026-04-16T15:02:38.619489+00:00
MSFT,409.61,321,2026-04-16T15:02:38.720399+00:00
MSFT,409.12,461,2026-04-16T15:02:38.821177+00:00
GOOGL,136.41,300,2026-04-16T15:02:38.921871+00:00
MSFT,409.52,399,2026-04-16T15:02:39.022813+00:00
TSLA,173.35,223,2026-04-16T15:02:39.123830+00:00
MSFT,409.28,230,2026-04-16T15:02:39.224703+00:00
AAPL,185.96,391,2026-04-16T15:02:39.325428+00:00
MSFT,409.22,49,2026-04-16T15:02:39.426352+00:00
GOOGL,136.89,88,2026-04-16T15:02:39.527489+00:00
AAPL,185.64,344,2026-04-16T15:02:39.628330+00:00
MSFT,408.73,348,2026-04-16T15:02:39.729358+00:00
AAPL,185.85,214,2026-04-16T15:02:39.829995+00:00
AAPL,185.56,122,2026-04-16T15:02:39.930885+00:00
AMZN,184.41,89,2026-04-16T15:02:40.031797+00:00
TSLA,173.47,71,2026-04-16T15:02:40.132328+00:00
AMZN,184.52,259,2026-04-16T15:02:40.232849+00:00
AAPL,185.06,302,2026-04-16T15:02:40.333204+00:00
GOOGL,136.5,38,2026-04-16T15:02:40.434073+00:00
TSLA,173.94,313,2026-04-16T15:02:40.534968+00:00
AAPL,184.87,155,2026-04-16T15:02:40.636041+00:00
TSLA,174.07,225,2026-04-16T15:02:40.737204+00:00
TSLA,174.22,23,2026-04-16T15:02:40.837893+00:00
GOOGL,136.39,285,2026-04-16T15:02:40.938758+00:00
AAPL,185.03,77,2026-04-16T15:02:41.039659+00:00
MSFT,408.97,192,2026-04-16T15:02:41.140439+00:00
TSLA,173.75,71,2026-04-16T15:02:41.241288+00:00
MSFT,408.73,262,2026-04-16T15:02:41.342123+00:00
TSLA,173.76,196,2026-04-16T15:02:41.442890+00:00
AMZN,184.77,250,2026-04-16T15:02:41.543815+00:00
GOOGL,136.82,270,2026-04-16T15:02:41.644264+00:00
AMZN,185.09,190,2026-04-16T15:02:41.745206+00:00
AAPL,185.14,108,2026-04-16T15:02:41.846176+00:00
TSLA,173.27,313,2026-04-16T15:02:41.947068+00:00
AMZN,185.01,376,2026-04-16T15:02:42.047815+00:00
MSFT,409.04,296,2026-04-16T15:02:42.147474+00:00
AAPL,184.82,479,2026-04-16T15:02:42.248399+00:00
AMZN,185.49,465,2026-04-16T15:02:42.349310+00:00
MSFT,409.28,204,2026-04-16T15:02:42.450250+00:00
GOOGL,137.11,75,2026-04-16T15:02:42.551109+00:00
GOOGL,137.53,265,2026-04-16T15:02:42.651551+00:00
TSLA,173.08,364,2026-04-16T15:02:42.752497+00:00
MSFT,409.01,262,2026-04-16T15:02:42.853445+00:00
TSLA,172.96,366,2026-04-16T15:02:42.953945+00:00
MSFT,408.6,349,2026-04-16T15:02:43.054645+00:00
AAPL,184.76,202,2026-04-16T15:02:43.155562+00:00
TSLA,173.07,223,2026-04-16T15:02:43.255982+00:00
MSFT,408.89,69,2026-04-16T15:02:43.356943+00:00
AMZN,185.49,356,2026-04-16T15:02:43.457785+00:00
AAPL,184.68,294,2026-04-16T15:02:43.558679+00:00
MSFT,409.04,151,2026-04-16T15:02:43.659667+00:00
TSLA,172.58,214,2026-04-16T15:02:43.760611+00:00
AMZN,185.04,329,2026-04-16T15:02:43.861392+00:00
AAPL,184.3,225,2026-04-16T15:02:43.962331+00:00
MSFT,409.38,83,2026-04-16T15:02:44.063260+00:00
AAPL,183.92,468,2026-04-16T15:02:44.164108+00:00
AMZN,185.33,39,2026-04-16T15:02:44.264968+00:00
MSFT,409.02,389,2026-04-16T15:02:44.365995+00:00
AMZN,185.26,296,2026-04-16T15:02:44.466783+00:00
AAPL,183.9,205,2026-04-16T15:02:44.567703+00:00
TSLA,172.74,266,2026-04-16T15:02:44.668568+00:00
TSLA,172.89,76,2026-04-16T15:02:44.769448+00:00
GOOGL,137.75,319,2026-04-16T15:02:44.870410+00:00
GOOGL,137.88,311,2026-04-16T15:02:44.971344+00:00
AMZN,185.65,16,2026-04-16T15:02:45.071817+00:00
MSFT,409.2,443,2026-04-16T15:02:45.172264+00:00
MSFT,409.1,417,2026-04-16T15:02:45.272922+00:00
GOOGL,137.46,216,2026-04-16T15:02:45.373697+00:00
GOOGL,137.53,191,2026-04-16T15:02:45.474459+00:00
TSLA,172.84,457,2026-04-16T15:02:45.575288+00:00
AAPL,183.52,29,2026-04-16T15:02:45.676139+00:00
AAPL,183.3,302,2026-04-16T15:02:45.777003+00:00
AAPL,183.55,395,2026-04-16T15:02:45.877908+00:00
TSLA,172.85,75,2026-04-16T15:02:45.978912+00:00
AAPL,183.14,443,2026-04-16T15:02:46.079862+00:00
GOOGL,137.35,483,2026-04-16T15:02:46.180790+00:00
AAPL,183.24,191,2026-04-16T15:02:46.281623+00:00
GOOGL,137.74,216,2026-04-16T15:02:46.382141+00:00
AAPL,183.01,393,2026-04-16T15:02:46.483147+00:00
GOOGL,138.21,108,2026-04-16T15:02:46.584098+00:00
AAPL,182.52,401,2026-04-16T15:02:46.684558+00:00
TSLA,172.47,17,2026-04-16T15:02:46.785424+00:00
AMZN,185.97,46,2026-04-16T15:02:46.886449+00:00
MSFT,408.77,386,2026-04-16T15:02:46.987280+00:00
GOOGL,138.06,388,2026-04-16T15:02:47.088142+00:00
GOOGL,137.56,276,2026-04-16T15:02:47.188906+00:00
TSLA,172.17,362,2026-04-16T15:02:47.289590+00:00
TSLA,171.72,266,2026-04-16T15:02:47.390049+00:00
GOOGL,137.99,426,2026-04-16T15:02:47.490903+00:00
AAPL,182.5,106,2026-04-16T15:02:47.591823+00:00
AAPL,182.55,437,2026-04-16T15:02:47.692547+00:00
AAPL,182.39,113,2026-04-16T15:02:47.792942+00:00
GOOGL,137.83,227,2026-04-16T15:02:47.893664+00:00
AMZN,186.43,105,2026-04-16T15:02:47.994555+00:00
AAPL,182.28,261,2026-04-16T15:02:48.095469+00:00
MSFT,408.78,182,2026-04-16T15:02:48.196391+00:00
AMZN,186.09,368,2026-04-16T15:02:48.296871+00:00
AMZN,185.89,171,2026-04-16T15:02:48.397763+00:00
TSLA,171.97,485,2026-04-16T15:02:48.498647+00:00
MSFT,408.49,338,2026-04-16T15:02:48.599573+00:00
TSLA,172.23,245,2026-04-16T15:02:48.700449+00:00
MSFT,408.44,222,2026-04-16T15:02:48.801139+00:00
AAPL,182.75,334,2026-04-16T15:02:48.901988+00:00
AMZN,186.2,424,2026-04-16T15:02:49.002893+00:00
AMZN,186.09,136,2026-04-16T15:02:49.103865+00:00
AAPL,183.09,198,2026-04-16T15:02:49.205027+00:00
AMZN,186.12,53,2026-04-16T15:02:49.306140+00:00
AAPL,183.42,295,2026-04-16T15:02:49.407240+00:00
AAPL,183.62,136,2026-04-16T15:02:49.508548+00:00
MSFT,408.26,19,2026-04-16T15:02:49.609433+00:00
AMZN,185.8,251,2026-04-16T15:02:49.710439+00:00
MSFT,408.65,308,2026-04-16T15:02:49.810962+00:00
TSLA,172.58,399,2026-04-16T15:02:49.912048+00:00
TSLA,172.25,259,2026-04-16T15:02:50.012588+00:00
AAPL,183.18,367,2026-04-16T15:02:50.113069+00:00
TSLA,172.46,132,2026-04-16T15:02:50.213923+00:00
MSFT,408.83,154,2026-04-16T15:02:50.314521+00:00
TSLA,172.15,222,2026-04-16T15:02:50.415374+00:00
TSLA,171.95,314,2026-04-16T15:02:50.516372+00:00
GOOGL,138.33,262,2026-04-16T15:02:50.617719+00:00
AAPL,183.6,209,2026-04-16T15:02:50.718665+00:00
AAPL,183.92,374,2026-04-16T15:02:50.819586+00:00
GOOGL,137.9,34,2026-04-16T15:02:50.920714+00:00
MSFT,408.58,71,2026-04-16T15:02:51.021654+00:00
TSLA,171.69,12,2026-04-16T15:02:51.122895+00:00
GOOGL,137.86,56,2026-04-16T15:02:51.223928+00:00
AAPL,184.34,237,2026-04-16T15:02:51.324780+00:00
GOOGL,137.69,101,2026-04-16T15:02:51.425174+00:00
GOOGL,137.3,455,2026-04-16T15:02:51.525897+00:00
TSLA,171.58,31,2026-04-16T15:02:51.626882+00:00
AAPL,184.43,325,2026-04-16T15:02:51.727323+00:00
TSLA,171.66,127,2026-04-16T15:02:51.828100+00:00
MSFT,408.38,221,2026-04-16T15:02:51.929494+00:00
TSLA,171.5,497,2026-04-16T15:02:52.030452+00:00
AMZN,185.43,47,2026-04-16T15:02:52.131662+00:00
AAPL,184.7,55,2026-04-16T15:02:52.232496+00:00
AMZN,184.97,238,2026-04-16T15:02:52.333386+00:00
TSLA,171.02,463,2026-04-16T15:02:52.434288+00:00
MSFT,408.32,42,2026-04-16T15:02:52.535056+00:00
AMZN,184.59,400,2026-04-16T15:02:52.635766+00:00
GOOGL,136.99,178,2026-04-16T15:02:52.736594+00:00
AMZN,184.48,50,2026-04-16T15:02:52.837646+00:00
GOOGL,137.31,300,2026-04-16T15:02:52.938859+00:00
TSLA,171.16,145,2026-04-16T15:02:53.039743+00:00
MSFT,408.15,119,2026-04-16T15:02:53.140753+00:00
TSLA,171.1,452,2026-04-16T15:02:53.241754+00:00
AAPL,185.18,388,2026-04-16T15:02:53.342871+00:00
AMZN,184.12,88,2026-04-16T15:02:53.443597+00:00
AMZN,184.3,484,2026-04-16T15:02:53.544018+00:00
GOOGL,137.33,471,2026-04-16T15:02:53.644921+00:00
MSFT,408.08,194,2026-04-16T15:02:53.745873+00:00
AMZN,184.62,139,2026-04-16T15:02:53.846937+00:00
MSFT,407.91,271,2026-04-16T15:02:53.947322+00:00
MSFT,407.99,234,2026-04-16T15:02:54.048051+00:00
AMZN,184.15,30,2026-04-16T15:02:54.148585+00:00
MSFT,407.67,476,2026-04-16T15:02:54.249375+00:00
AMZN,184.09,285,2026-04-16T15:02:54.349851+00:00
AAPL,185.41,238,2026-04-16T15:02:54.450611+00:00
AAPL,185.22,295,2026-04-16T15:02:54.551504+00:00
TSLA,171.26,128,2026-04-16T15:02:54.652400+00:00
AAPL,185.42,366,2026-04-16T15:02:54.753401+00:00
MSFT,407.61,225,2026-04-16T15:02:54.854299+00:00
TSLA,171.72,461,2026-04-16T15:02:54.954664+00:00
GOOGL,137.49,447,2026-04-16T15:02:55.055046+00:00
AAPL,185.87,344,2026-04-16T15:02:55.155866+00:00
GOOGL,137.29,109,2026-04-16T15:02:55.256994+00:00
AMZN,183.63,208,2026-04-16T15:02:55.357764+00:00
MSFT,408.03,24,2026-04-16T15:02:55.458719+00:00
GOOGL,137.44,389,2026-04-16T15:02:55.559438+00:00
TSLA,172.14,26,2026-04-16T15:02:55.660363+00:00
AMZN,184.1,411,2026-04-16T15:02:55.761168+00:00
TSLA,172.12,239,2026-04-16T15:02:55.862073+00:00
AAPL,186.32,22,2026-04-16T15:02:55.963130+00:00
GOOGL,137.25,72,2026-04-16T15:02:56.064208+00:00
GOOGL,137.56,423,2026-04-16T15:02:56.165340+00:00
AMZN,183.63,95,2026-04-16T15:02:56.266212+00:00
AMZN,183.25,403,2026-04-16T15:02:56.366961+00:00
AAPL,186.66,487,2026-04-16T15:02:56.467645+00:00
MSFT,408.5,143,2026-04-16T15:02:56.568503+00:00
AMZN,182.95,317,2026-04-16T15:02:56.668947+00:00
TSLA,171.73,238,2026-04-16T15:02:56.769833+00:00
GOOGL,137.86,270,2026-04-16T15:02:56.871062+00:00
MSFT,408.77,148,2026-04-16T15:02:56.972012+00:00
AAPL,187.03,369,2026-04-16T15:02:57.072760+00:00
GOOGL,137.53,39,2026-04-16T15:02:57.173639+00:00
MSFT,408.93,17,2026-04-16T15:02:57.274487+00:00
GOOGL,137.17,257,2026-04-16T15:02:57.375285+00:00
AMZN,182.54,212,2026-04-16T15:02:57.476238+00:00
MSFT,408.83,56,2026-04-16T15:02:57.577162+00:00
AAPL,186.97,214,2026-04-16T15:02:57.677985+00:00
TSLA,171.46,414,2026-04-16T15:02:57.778919+00:00
AMZN,182.97,23,2026-04-16T15:02:57.879687+00:00
AMZN,182.89,474,2026-04-16T15:02:57.980445+00:00
AAPL,186.66,290,2026-04-16T15:02:58.081486+00:00
MSFT,408.74,168,2026-04-16T15:02:58.182449+00:00
AAPL,186.46,384,2026-04-16T15:02:58.283519+00:00
AAPL,186.64,129,2026-04-16T15:02:58.384792+00:00
TSLA,171.22,387,2026-04-16T15:02:58.485616+00:00
AAPL,186.26,288,2026-04-16T15:02:58.586587+00:00
AMZN,182.63,393,2026-04-16T15:02:58.687512+00:00
MSFT,408.87,194,2026-04-16T15:02:58.787978+00:00
GOOGL,137.64,450,2026-04-16T15:02:58.888896+00:00
AAPL,186.26,496,2026-04-16T15:02:58.989407+00:00
GOOGL,137.15,355,2026-04-16T15:02:59.090379+00:00
AMZN,182.48,442,2026-04-16T15:02:59.191377+00:00
GOOGL,137.12,129,2026-04-16T15:02:59.292250+00:00
TSLA,170.97,269,2026-04-16T15:02:59.392783+00:00
TSLA,171.43,494,2026-04-16T15:02:59.493705+00:00
GOOGL,136.94,176,2026-04-16T15:02:59.594617+00:00
GOOGL,137.03,490,2026-04-16T15:02:59.695845+00:00
AAPL,186.43,272,2026-04-16T15:02:59.796718+00:00
MSFT,408.77,139,2026-04-16T15:02:59.897230+00:00
AMZN,182.05,311,2026-04-16T15:02:59.998456+00:00
AMZN,182.46,284,2026-04-16T15:03:00.099445+00:00
AAPL,186.73,234,2026-04-16T15:03:00.200335+00:00
MSFT,408.59,79,2026-04-16T15:03:00.301235+00:00
AMZN,182.09,392,2026-04-16T15:03:00.402000+00:00
GOOGL,136.84,178,2026-04-16T15:03:00.502911+00:00
AAPL,186.82,129,2026-04-16T15:03:00.603834+00:00
MSFT,408.52,108,2026-04-16T15:03:00.704275+00:00
MSFT,408.94,311,2026-04-16T15:03:00.805014+00:00
TSLA,171.3,135,2026-04-16T15:03:00.905955+00:00
MSFT,409.27,40,2026-04-16T15:03:01.006443+00:00
TSLA,170.88,16,2026-04-16T15:03:01.107363+00:00
AMZN,182.03,384,2026-04-16T15:03:01.208355+00:00
GOOGL,136.93,206,2026-04-16T15:03:01.309005+00:00
GOOGL,136.93,296,2026-04-16T15:03:01.410011+00:00
GOOGL,136.9,261,2026-04-16T15:03:01.510498+00:00
AAPL,186.91,262,2026-04-16T15:03:01.611301+00:00
GOOGL,136.8,158,2026-04-16T15:03:01.712068+00:00
AMZN,181.6,271,2026-04-16T15:03:01.812977+00:00
TSLA,171.0,398,2026-04-16T15:03:01.915185+00:00
AAPL,186.75,176,2026-04-16T15:03:02.016028+00:00
MSFT,409.15,495,2026-04-16T15:03:02.116968+00:00
GOOGL,136.45,308,2026-04-16T15:03:02.217808+00:00
GOOGL,136.61,256,2026-04-16T15:03:02.318584+00:00
AMZN,181.88,273,2026-04-16T15:03:02.419531+00:00
AMZN,182.16,489,2026-04-16T15:03:02.520635+00:00
AAPL,186.82,336,2026-04-16T15:03:02.621663+00:00
GOOGL,137.02,439,2026-04-16T15:03:02.722400+00:00
TSLA,171.14,423,2026-04-16T15:03:02.823325+00:00
MSFT,408.76,310,2026-04-16T15:03:02.924452+00:00
TSLA,171.41,198,2026-04-16T15:03:03.025323+00:00
AAPL,186.88,114,2026-04-16T15:03:03.126299+00:00
TSLA,171.89,247,2026-04-16T15:03:03.227511+00:00
TSLA,172.37,296,2026-04-16T15:03:03.328949+00:00
AAPL,186.65,201,2026-04-16T15:03:03.429835+00:00
TSLA,172.85,222,2026-04-16T15:03:03.531029+00:00
GOOGL,136.89,127,2026-04-16T15:03:03.632167+00:00
AMZN,182.11,220,2026-04-16T15:03:03.732989+00:00
AAPL,186.58,288,2026-04-16T15:03:03.833828+00:00
MSFT,408.86,41,2026-04-16T15:03:03.934801+00:00
AAPL,186.81,416,2026-04-16T15:03:04.035630+00:00
AMZN,182.07,269,2026-04-16T15:03:04.136368+00:00
GOOGL,137.03,401,2026-04-16T15:03:04.237081+00:00
MSFT,408.5,396,2026-04-16T15:03:04.337553+00:00
AAPL,186.89,125,2026-04-16T15:03:04.438569+00:00
AAPL,186.42,317,2026-04-16T15:03:04.539536+00:00
GOOGL,136.56,418,2026-04-16T15:03:04.640457+00:00
AMZN,182.28,345,2026-04-16T15:03:04.741386+00:00
AAPL,186.1,271,2026-04-16T15:03:04.842334+00:00
AMZN,182.38,92,2026-04-16T15:03:04.943056+00:00
AAPL,185.7,262,2026-04-16T15:03:05.043897+00:00
AAPL,185.35,74,2026-04-16T15:03:05.144725+00:00
MSFT,408.45,93,2026-04-16T15:03:05.245540+00:00
GOOGL,136.84,292,2026-04-16T15:03:05.346032+00:00
TSLA,173.34,347,2026-04-16T15:03:05.446930+00:00
AAPL,185.32,318,2026-04-16T15:03:05.547794+00:00
AAPL,184.9,456,2026-04-16T15:03:05.648698+00:00
AAPL,185.29,62,2026-04-16T15:03:05.749542+00:00
AAPL,185.57,142,2026-04-16T15:03:05.849978+00:00
AAPL,185.58,116,2026-04-16T15:03:05.950462+00:00
TSLA,173.61,225,2026-04-16T15:03:06.051450+00:00
MSFT,408.3,457,2026-04-16T15:03:06.152955+00:00
GOOGL,136.72,185,2026-04-16T15:03:06.253732+00:00
TSLA,173.64,18,2026-04-16T15:03:06.354519+00:00
TSLA,173.44,328,2026-04-16T15:03:06.455123+00:00
AMZN,182.77,440,2026-04-16T15:03:06.555868+00:00
MSFT,407.93,385,2026-04-16T15:03:06.656808+00:00
AMZN,182.79,414,2026-04-16T15:03:06.757590+00:00
AMZN,182.51,390,2026-04-16T15:03:06.858568+00:00
TSLA,173.88,179,2026-04-16T15:03:06.959314+00:00
GOOGL,136.3,299,2026-04-16T15:03:07.060308+00:00
AMZN,182.72,195,2026-04-16T15:03:07.160711+00:00
AAPL,186.07,378,2026-04-16T15:03:07.261446+00:00
GOOGL,136.52,285,2026-04-16T15:03:07.361947+00:00
TSLA,173.8,390,2026-04-16T15:03:07.462683+00:00
GOOGL,136.36,241,2026-04-16T15:03:07.563585+00:00
AMZN,182.98,113,2026-04-16T15:03:07.664468+00:00
GOOGL,136.29,100,2026-04-16T15:03:07.765564+00:00
AMZN,182.87,284,2026-04-16T15:03:07.866281+00:00
GOOGL,136.22,265,2026-04-16T15:03:07.966679+00:00
AAPL,185.58,332,2026-04-16T15:03:08.067415+00:00
MSFT,407.43,394,2026-04-16T15:03:08.168373+00:00
TSLA,173.42,274,2026-04-16T15:03:08.269456+00:00
TSLA,173.22,198,2026-04-16T15:03:08.370318+00:00
TSLA,173.45,276,2026-04-16T15:03:08.471193+00:00
AMZN,182.6,281,2026-04-16T15:03:08.572129+00:00
TSLA,173.68,453,2026-04-16T15:03:08.673154+00:00
TSLA,173.64,345,2026-04-16T15:03:08.774138+00:00
AMZN,182.82,423,2026-04-16T15:03:08.875546+00:00
GOOGL,135.92,104,2026-04-16T15:03:08.976085+00:00
AMZN,182.62,433,2026-04-16T15:03:09.076924+00:00
AMZN,182.13,439,2026-04-16T15:03:09.177733+00:00
GOOGL,135.71,54,2026-04-16T15:03:09.278508+00:00
TSLA,173.7,270,2026-04-16T15:03:09.379381+00:00
GOOGL,136.2,176,2026-04-16T15:03:09.479753+00:00
MSFT,407.13,97,2026-04-16T15:03:09.580197+00:00
GOOGL,136.6,33,2026-04-16T15:03:09.680653+00:00
GOOGL,136.89,286,2026-04-16T15:03:09.781554+00:00
MSFT,407.2,191,2026-04-16T15:03:09.882211+00:00
AAPL,185.75,159,2026-04-16T15:03:09.982984+00:00
AAPL,186.06,298,2026-04-16T15:03:10.083751+00:00
GOOGL,136.99,275,2026-04-16T15:03:10.184869+00:00
MSFT,407.04,99,2026-04-16T15:03:10.285790+00:00
GOOGL,137.24,260,2026-04-16T15:03:10.386962+00:00
TSLA,173.84,185,2026-04-16T15:03:10.487960+00:00
AMZN,182.53,315,2026-04-16T15:03:10.588380+00:00
MSFT,407.49,264,2026-04-16T15:03:10.689259+00:00
AMZN,182.24,446,2026-04-16T15:03:10.790216+00:00
MSFT,407.72,324,2026-04-16T15:03:10.891155+00:00
MSFT,407.68,425,2026-04-16T15:03:10.991992+00:00
AMZN,182.65,176,2026-04-16T15:03:11.092869+00:00
AAPL,185.91,310,2026-04-16T15:03:11.193847+00:00
AAPL,185.64,412,2026-04-16T15:03:11.294760+00:00
TSLA,174.25,446,2026-04-16T15:03:11.395824+00:00
MSFT,407.71,216,2026-04-16T15:03:11.496247+00:00
AMZN,183.08,350,2026-04-16T15:03:11.596998+00:00
GOOGL,137.09,356,2026-04-16T15:03:11.697424+00:00
GOOGL,137.51,66,2026-04-16T15:03:11.798301+00:00
GOOGL,137.33,229,2026-04-16T15:03:11.899087+00:00
MSFT,407.61,223,2026-04-16T15:03:11.999861+00:00
TSLA,174.13,286,2026-04-16T15:03:12.100780+00:00
GOOGL,136.87,462,2026-04-16T15:03:12.200470+00:00
AAPL,185.6,240,2026-04-16T15:03:12.301178+00:00
GOOGL,136.76,206,2026-04-16T15:03:12.402243+00:00
MSFT,407.21,126,2026-04-16T15:03:12.502944+00:00
TSLA,173.8,34,2026-04-16T15:03:12.603740+00:00
MSFT,407.56,299,2026-04-16T15:03:12.704611+00:00
MSFT,407.91,128,2026-04-16T15:03:12.805422+00:00
GOOGL,136.37,81,2026-04-16T15:03:12.906400+00:00
GOOGL,136.18,271,2026-04-16T15:03:13.006795+00:00
AMZN,182.98,371,2026-04-16T15:03:13.107632+00:00
MSFT,407.97,127,2026-04-16T15:03:13.208485+00:00
MSFT,408.47,492,2026-04-16T15:03:13.309557+00:00
AAPL,185.54,82,2026-04-16T15:03:13.410401+00:00
AMZN,182.58,162,2026-04-16T15:03:13.511584+00:00
TSLA,174.01,164,2026-04-16T15:03:13.612356+00:00
AMZN,183.01,380,2026-04-16T15:03:13.713304+00:00
TSLA,173.79,240,2026-04-16T15:03:13.814025+00:00
AAPL,185.88,29,2026-04-16T15:03:13.914891+00:00
AAPL,185.49,72,2026-04-16T15:03:14.015373+00:00
MSFT,408.06,171,2026-04-16T15:03:14.116295+00:00
AAPL,185.14,133,2026-04-16T15:03:14.217147+00:00
AAPL,185.22,434,2026-04-16T15:03:14.318026+00:00
TSLA,173.39,457,2026-04-16T15:03:14.418902+00:00
MSFT,408.08,463,2026-04-16T15:03:14.519641+00:00
GOOGL,136.45,308,2026-04-16T15:03:14.620381+00:00
AAPL,185.44,457,2026-04-16T15:03:14.721322+00:00
AAPL,185.25,261,2026-04-16T15:03:14.822364+00:00
MSFT,408.19,257,2026-04-16T15:03:14.923205+00:00
AAPL,185.45,96,2026-04-16T15:03:15.024030+00:00
GOOGL,135.97,380,2026-04-16T15:03:15.125028+00:00
AAPL,185.79,110,2026-04-16T15:03:15.225747+00:00
AAPL,186.02,367,2026-04-16T15:03:15.326478+00:00
GOOGL,135.77,187,2026-04-16T15:03:15.427175+00:00
AAPL,185.67,114,2026-04-16T15:03:15.528100+00:00
MSFT,408.11,124,2026-04-16T15:03:15.629021+00:00
MSFT,407.78,460,2026-04-16T15:03:15.730089+00:00
AAPL,185.73,151,2026-04-16T15:03:15.831161+00:00
TSLA,173.6,126,2026-04-16T15:03:15.932047+00:00
TSLA,173.3,417,2026-04-16T15:03:16.032879+00:00
GOOGL,135.69,163,2026-04-16T15:03:16.133801+00:00
TSLA,173.23,411,2026-04-16T15:03:16.234727+00:00
AMZN,182.89,239,2026-04-16T15:03:16.335544+00:00
AAPL,185.83,419,2026-04-16T15:03:16.436348+00:00
MSFT,408.22,184,2026-04-16T15:03:16.537154+00:00
AAPL,185.65,352,2026-04-16T15:03:16.638207+00:00
GOOGL,135.35,323,2026-04-16T15:03:16.739300+00:00
TSLA,173.7,462,2026-04-16T15:03:16.840536+00:00
GOOGL,135.72,185,2026-04-16T15:03:16.941510+00:00
MSFT,408.24,320,2026-04-16T15:03:17.042328+00:00
MSFT,407.99,57,2026-04-16T15:03:17.143270+00:00
AAPL,185.27,137,2026-04-16T15:03:17.244095+00:00
AMZN,182.73,331,2026-04-16T15:03:17.344492+00:00
TSLA,173.63,324,2026-04-16T15:03:17.445185+00:00
AMZN,182.26,230,2026-04-16T15:03:17.546097+00:00
TSLA,173.24,324,2026-04-16T15:03:17.647217+00:00
AMZN,182.46,415,2026-04-16T15:03:17.747707+00:00
AAPL,184.93,175,2026-04-16T15:03:17.848472+00:00
MSFT,408.15,35,2026-04-16T15:03:17.949004+00:00
GOOGL,136.11,456,2026-04-16T15:03:18.049906+00:00
AMZN,182.68,399,2026-04-16T15:03:18.150597+00:00
TSLA,173.5,206,2026-04-16T15:03:18.251537+00:00
MSFT,407.98,126,2026-04-16T15:03:18.352534+00:00
TSLA,173.31,335,2026-04-16T15:03:18.453513+00:00
MSFT,407.64,378,2026-04-16T15:03:18.554455+00:00
GOOGL,136.6,322,2026-04-16T15:03:18.655403+00:00
GOOGL,136.13,58,2026-04-16T15:03:18.756152+00:00
GOOGL,136.27,381,2026-04-16T15:03:18.857236+00:00
GOOGL,136.41,99,2026-04-16T15:03:18.958071+00:00
TSLA,173.7,308,2026-04-16T15:03:19.059392+00:00
TSLA,174.08,432,2026-04-16T15:03:19.160288+00:00
MSFT,407.45,389,2026-04-16T15:03:19.261249+00:00
MSFT,407.61,393,2026-04-16T15:03:19.362305+00:00
AMZN,183.07,220,2026-04-16T15:03:19.463351+00:00
AMZN,183.39,342,2026-04-16T15:03:19.564149+00:00
MSFT,407.21,43,2026-04-16T15:03:19.664997+00:00
AMZN,183.3,280,2026-04-16T15:03:19.765859+00:00
AMZN,183.25,160,2026-04-16T15:03:19.866767+00:00
MSFT,407.62,229,2026-04-16T15:03:19.967713+00:00
AMZN,182.76,408,2026-04-16T15:03:20.068657+00:00
AAPL,185.38,180,2026-04-16T15:03:20.169556+00:00
TSLA,173.71,461,2026-04-16T15:03:20.270422+00:00
AMZN,183.18,237,2026-04-16T15:03:20.371372+00:00
AMZN,182.73,322,2026-04-16T15:03:20.472687+00:00
AAPL,185.33,373,2026-04-16T15:03:20.573811+00:00
TSLA,173.65,381,2026-04-16T15:03:20.674300+00:00
TSLA,173.17,280,2026-04-16T15:03:20.775516+00:00
TSLA,173.47,437,2026-04-16T15:03:20.876549+00:00
GOOGL,136.02,199,2026-04-16T15:03:20.977459+00:00
MSFT,407.64,346,2026-04-16T15:03:21.078253+00:00
MSFT,408.12,143,2026-04-16T15:03:21.179083+00:00
TSLA,173.37,302,2026-04-16T15:03:21.280015+00:00
AAPL,184.92,51,2026-04-16T15:03:21.381399+00:00
AMZN,182.86,355,2026-04-16T15:03:21.482249+00:00
MSFT,408.42,273,2026-04-16T15:03:21.583161+00:00
MSFT,408.69,480,2026-04-16T15:03:21.684089+00:00
GOOGL,136.25,213,2026-04-16T15:03:21.785003+00:00
TSLA,173.12,233,2026-04-16T15:03:21.885792+00:00
AAPL,185.4,388,2026-04-16T15:03:21.986214+00:00
TSLA,173.09,54,2026-04-16T15:03:22.087013+00:00
MSFT,408.66,488,2026-04-16T15:03:22.187856+00:00
AMZN,183.17,206,2026-04-16T15:03:22.288302+00:00
MSFT,408.64,138,2026-04-16T15:03:22.389127+00:00
TSLA,173.06,340,2026-04-16T15:03:22.490221+00:00
TSLA,173.18,348,2026-04-16T15:03:22.591270+00:00
TSLA,172.86,200,2026-04-16T15:03:22.691967+00:00
AAPL,185.41,427,2026-04-16T15:03:22.792890+00:00
AMZN,183.02,250,2026-04-16T15:03:22.893821+00:00
MSFT,408.89,349,2026-04-16T15:03:22.994779+00:00
AMZN,182.93,140,2026-04-16T15:03:23.095595+00:00
TSLA,173.23,203,2026-04-16T15:03:23.196367+00:00
TSLA,173.46,61,2026-04-16T15:03:23.297364+00:00
AMZN,183.39,212,2026-04-16T15:03:23.398268+00:00
AMZN,183.48,178,2026-04-16T15:03:23.499109+00:00
AAPL,184.92,29,2026-04-16T15:03:23.600325+00:00
AMZN,183.41,113,2026-04-16T15:03:23.701328+00:00
AMZN,183.58,164,2026-04-16T15:03:23.802516+00:00
MSFT,408.51,271,2026-04-16T15:03:23.904223+00:00
GOOGL,136.53,293,2026-04-16T15:03:24.004658+00:00
TSLA,173.18,253,2026-04-16T15:03:24.105871+00:00
MSFT,408.45,350,2026-04-16T15:03:24.207023+00:00
TSLA,172.95,185,2026-04-16T15:03:24.307955+00:00
MSFT,408.0,183,2026-04-16T15:03:24.408845+00:00
AAPL,185.03,365,2026-04-16T15:03:24.509726+00:00
GOOGL,136.32,219,2026-04-16T15:03:24.610686+00:00
AAPL,185.45,240,2026-04-16T15:03:24.711133+00:00
MSFT,407.58,413,2026-04-16T15:03:24.812046+00:00
GOOGL,136.68,414,2026-04-16T15:03:24.912898+00:00
AAPL,185.13,275,2026-04-16T15:03:25.013898+00:00
AAPL,184.93,23,2026-04-16T15:03:25.114887+00:00
MSFT,407.53,452,2026-04-16T15:03:25.216071+00:00
MSFT,407.09,24,2026-04-16T15:03:25.317061+00:00
MSFT,407.2,182,2026-04-16T15:03:25.418096+00:00
TSLA,172.81,202,2026-04-16T15:03:25.518968+00:00
GOOGL,136.54,418,2026-04-16T15:03:25.619978+00:00
TSLA,172.54,499,2026-04-16T15:03:25.721004+00:00
MSFT,407.0,118,2026-04-16T15:03:25.821711+00:00
MSFT,406.66,292,2026-04-16T15:03:25.922612+00:00
AAPL,184.46,121,2026-04-16T15:03:26.023543+00:00
GOOGL,136.61,145,2026-04-16T15:03:26.124230+00:00
AAPL,184.37,305,2026-04-16T15:03:26.225130+00:00
TSLA,172.33,309,2026-04-16T15:03:26.325871+00:00
MSFT,407.12,390,2026-04-16T15:03:26.426739+00:00
GOOGL,136.86,251,2026-04-16T15:03:26.527553+00:00
AAPL,184.0,186,2026-04-16T15:03:26.628448+00:00
GOOGL,137.05,55,2026-04-16T15:03:26.729793+00:00
MSFT,406.98,345,2026-04-16T15:03:26.830901+00:00
GOOGL,136.97,167,2026-04-16T15:03:26.931977+00:00
GOOGL,136.96,456,2026-04-16T15:03:27.032439+00:00
AAPL,184.14,171,2026-04-16T15:03:27.133462+00:00
AMZN,183.9,480,2026-04-16T15:03:27.234323+00:00
TSLA,172.42,356,2026-04-16T15:03:27.335118+00:00
GOOGL,136.98,138,2026-04-16T15:03:27.436015+00:00
MSFT,407.03,238,2026-04-16T15:03:27.536957+00:00
MSFT,406.62,197,2026-04-16T15:03:27.637610+00:00
AAPL,184.44,18,2026-04-16T15:03:27.738390+00:00
MSFT,406.79,336,2026-04-16T15:03:27.839379+00:00
MSFT,407.27,219,2026-04-16T15:03:27.940263+00:00
MSFT,407.02,17,2026-04-16T15:03:28.041390+00:00
AMZN,184.0,190,2026-04-16T15:03:28.142127+00:00
AAPL,184.93,233,2026-04-16T15:03:28.243023+00:00
TSLA,172.3,305,2026-04-16T15:03:28.343916+00:00
AMZN,184.26,278,2026-04-16T15:03:28.444763+00:00
GOOGL,136.97,366,2026-04-16T15:03:28.545676+00:00
AAPL,184.51,399,2026-04-16T15:03:28.646532+00:00
AAPL,184.5,336,2026-04-16T15:03:28.747406+00:00
MSFT,406.54,267,2026-04-16T15:03:28.848377+00:00
TSLA,171.9,356,2026-04-16T15:03:28.949713+00:00
GOOGL,137.32,313,2026-04-16T15:03:29.050567+00:00
GOOGL,137.02,278,2026-04-16T15:03:29.151469+00:00
GOOGL,137.06,272,2026-04-16T15:03:29.252437+00:00
GOOGL,137.42,227,2026-04-16T15:03:29.353398+00:00
GOOGL,137.6,426,2026-04-16T15:03:29.454310+00:00
TSLA,171.51,481,2026-04-16T15:03:29.555166+00:00
AAPL,184.9,358,2026-04-16T15:03:29.655663+00:00
MSFT,406.59,435,2026-04-16T15:03:29.756558+00:00
GOOGL,137.89,52,2026-04-16T15:03:29.857322+00:00
AMZN,184.12,22,2026-04-16T15:03:29.958262+00:00
AMZN,184.32,328,2026-04-16T15:03:30.059126+00:00
AMZN,183.87,349,2026-04-16T15:03:30.160036+00:00
MSFT,406.9,327,2026-04-16T15:03:30.260491+00:00
AAPL,185.04,285,2026-04-16T15:03:30.361640+00:00
AAPL,185.32,378,2026-04-16T15:03:30.462492+00:00
AMZN,183.84,438,2026-04-16T15:03:30.563285+00:00
GOOGL,138.32,182,2026-04-16T15:03:30.664021+00:00
TSLA,171.12,472,2026-04-16T15:03:30.764869+00:00
AAPL,185.11,275,2026-04-16T15:03:30.865801+00:00
MSFT,407.34,218,2026-04-16T15:03:30.966245+00:00
TSLA,171.03,191,2026-04-16T15:03:31.067073+00:00
TSLA,171.27,261,2026-04-16T15:03:31.167963+00:00
MSFT,407.3,111,2026-04-16T15:03:31.268846+00:00
AAPL,185.15,234,2026-04-16T15:03:31.369804+00:00
MSFT,406.89,371,2026-04-16T15:03:31.470698+00:00
GOOGL,138.64,105,2026-04-16T15:03:31.571764+00:00
GOOGL,138.29,456,2026-04-16T15:03:31.672222+00:00
AMZN,183.7,57,2026-04-16T15:03:31.773191+00:00
TSLA,170.8,246,2026-04-16T15:03:31.873919+00:00
AMZN,183.94,368,2026-04-16T15:03:31.974387+00:00
AMZN,183.92,275,2026-04-16T15:03:32.075281+00:00
MSFT,406.82,262,2026-04-16T15:03:32.176195+00:00
AAPL,185.41,488,2026-04-16T15:03:32.277124+00:00
AAPL,185.72,432,2026-04-16T15:03:32.378067+00:00
MSFT,406.48,428,2026-04-16T15:03:32.478596+00:00
AMZN,184.02,10,2026-04-16T15:03:32.579279+00:00
AMZN,184.43,457,2026-04-16T15:03:32.680043+00:00
AAPL,185.25,480,2026-04-16T15:03:32.781027+00:00
TSLA,170.54,218,2026-04-16T15:03:32.881952+00:00
AMZN,184.89,300,2026-04-16T15:03:32.982908+00:00
GOOGL,138.34,372,2026-04-16T15:03:33.083667+00:00
GOOGL,138.82,143,2026-04-16T15:03:33.184446+00:00
GOOGL,138.47,180,2026-04-16T15:03:33.285300+00:00
AAPL,185.74,243,2026-04-16T15:03:33.386145+00:00
AAPL,185.94,358,2026-04-16T15:03:33.486952+00:00
AMZN,184.73,398,2026-04-16T15:03:33.587852+00:00
MSFT,406.92,235,2026-04-16T15:03:33.688800+00:00
AAPL,186.14,448,2026-04-16T15:03:33.789569+00:00
GOOGL,138.2,293,2026-04-16T15:03:33.890369+00:00
TSLA,170.54,455,2026-04-16T15:03:33.991239+00:00
AAPL,186.2,98,2026-04-16T15:03:34.092120+00:00
TSLA,170.5,274,2026-04-16T15:03:34.192831+00:00
GOOGL,138.41,307,2026-04-16T15:03:34.293366+00:00
AAPL,186.16,433,2026-04-16T15:03:34.394269+00:00
GOOGL,138.01,233,2026-04-16T15:03:34.495078+00:00
AMZN,184.69,42,2026-04-16T15:03:34.596223+00:00
GOOGL,137.53,394,2026-04-16T15:03:34.696801+00:00
MSFT,407.04,44,2026-04-16T15:03:34.797553+00:00
MSFT,406.79,76,2026-04-16T15:03:34.898463+00:00
MSFT,406.77,101,2026-04-16T15:03:34.999215+00:00
AMZN,184.6,468,2026-04-16T15:03:35.100034+00:00
GOOGL,137.71,142,2026-04-16T15:03:35.200897+00:00
AAPL,186.43,89,2026-04-16T15:03:35.301920+00:00
AMZN,184.43,238,2026-04-16T15:03:35.403118+00:00
MSFT,406.56,139,2026-04-16T15:03:35.504026+00:00
GOOGL,137.76,285,2026-04-16T15:03:35.604455+00:00
AMZN,184.32,253,2026-04-16T15:03:35.705396+00:00
TSLA,170.0,65,2026-04-16T15:03:35.805830+00:00
TSLA,170.38,297,2026-04-16T15:03:35.906623+00:00
AMZN,184.38,194,2026-04-16T15:03:36.007556+00:00
AAPL,186.91,442,2026-04-16T15:03:36.108747+00:00
AAPL,187.39,329,2026-04-16T15:03:36.209577+00:00
TSLA,170.72,25,2026-04-16T15:03:36.310406+00:00
MSFT,407.03,361,2026-04-16T15:03:36.411407+00:00
AMZN,184.13,216,2026-04-16T15:03:36.512224+00:00
AAPL,187.49,39,2026-04-16T15:03:36.613058+00:00
GOOGL,137.42,320,2026-04-16T15:03:36.713833+00:00
AMZN,184.43,261,2026-04-16T15:03:36.814575+00:00
AMZN,184.38,245,2026-04-16T15:03:36.915389+00:00
AAPL,187.43,463,2026-04-16T15:03:37.016066+00:00
GOOGL,137.0,284,2026-04-16T15:03:37.117015+00:00
MSFT,406.66,170,2026-04-16T15:03:37.217911+00:00
AMZN,184.51,422,2026-04-16T15:03:37.318745+00:00
MSFT,406.29,106,2026-04-16T15:03:37.419123+00:00
AAPL,187.55,73,2026-04-16T15:03:37.519965+00:00
GOOGL,137.26,316,2026-04-16T15:03:37.620815+00:00
AAPL,187.74,488,2026-04-16T15:03:37.721776+00:00
AMZN,184.65,157,2026-04-16T15:03:37.822487+00:00
AAPL,188.13,91,2026-04-16T15:03:37.923883+00:00
AAPL,188.06,178,2026-04-16T15:03:38.025020+00:00
TSLA,170.54,438,2026-04-16T15:03:38.125996+00:00
TSLA,170.9,26,2026-04-16T15:03:38.226709+00:00
AMZN,184.78,198,2026-04-16T15:03:38.327133+00:00
TSLA,171.0,433,2026-04-16T15:03:38.428073+00:00
MSFT,406.43,150,2026-04-16T15:03:38.528514+00:00
MSFT,406.64,453,2026-04-16T15:03:38.628993+00:00
AAPL,187.84,35,2026-04-16T15:03:38.729769+00:00
MSFT,406.19,367,2026-04-16T15:03:38.830593+00:00
AAPL,188.33,373,2026-04-16T15:03:38.931400+00:00
AMZN,184.91,371,2026-04-16T15:03:39.031869+00:00
MSFT,406.41,193,2026-04-16T15:03:39.132804+00:00
AAPL,188.67,90,2026-04-16T15:03:39.233616+00:00
AMZN,184.71,211,2026-04-16T15:03:39.334322+00:00
GOOGL,137.2,53,2026-04-16T15:03:39.434766+00:00
TSLA,170.51,151,2026-04-16T15:03:39.535152+00:00
TSLA,170.31,107,2026-04-16T15:03:39.635974+00:00
MSFT,406.04,231,2026-04-16T15:03:39.736787+00:00
AAPL,188.25,202,2026-04-16T15:03:39.837810+00:00
MSFT,405.59,149,2026-04-16T15:03:39.938645+00:00
TSLA,170.35,51,2026-04-16T15:03:40.039444+00:00
TSLA,170.61,500,2026-04-16T15:03:40.139885+00:00
AMZN,184.8,115,2026-04-16T15:03:40.240837+00:00
GOOGL,137.3,343,2026-04-16T15:03:40.341840+00:00
TSLA,170.54,494,2026-04-16T15:03:40.442650+00:00
AMZN,185.18,351,2026-04-16T15:03:40.543413+00:00
GOOGL,137.66,283,2026-04-16T15:03:40.644321+00:00
MSFT,405.27,432,2026-04-16T15:03:40.745677+00:00
TSLA,170.28,180,2026-04-16T15:03:40.846681+00:00
AMZN,184.86,417,2026-04-16T15:03:40.947552+00:00
TSLA,170.42,451,2026-04-16T15:03:41.048440+00:00
TSLA,170.27,324,2026-04-16T15:03:41.149373+00:00
MSFT,404.91,227,2026-04-16T15:03:41.250368+00:00
MSFT,404.7,52,2026-04-16T15:03:41.351300+00:00
AMZN,184.57,431,2026-04-16T15:03:41.452207+00:00
AAPL,188.14,486,2026-04-16T15:03:41.552824+00:00
MSFT,405.06,333,2026-04-16T15:03:41.653500+00:00
AAPL,187.77,153,2026-04-16T15:03:41.754246+00:00
AMZN,184.93,300,2026-04-16T15:03:41.854712+00:00
AMZN,185.08,361,2026-04-16T15:03:41.955642+00:00
GOOGL,137.61,318,2026-04-16T15:03:42.056132+00:00
AMZN,185.39,115,2026-04-16T15:03:42.155364+00:00
AAPL,187.86,208,2026-04-16T15:03:42.256615+00:00
AMZN,185.41,405,2026-04-16T15:03:42.357418+00:00
AMZN,185.9,232,2026-04-16T15:03:42.457897+00:00
AMZN,185.9,20,2026-04-16T15:03:42.558912+00:00
AAPL,187.53,272,2026-04-16T15:03:42.659359+00:00
AMZN,185.72,53,2026-04-16T15:03:42.760494+00:00
AAPL,187.38,245,2026-04-16T15:03:42.861018+00:00
MSFT,405.43,443,2026-04-16T15:03:42.961732+00:00
AAPL,187.21,122,2026-04-16T15:03:43.062166+00:00
AAPL,187.13,366,2026-04-16T15:03:43.162599+00:00
TSLA,169.82,31,2026-04-16T15:03:43.263736+00:00
GOOGL,137.42,40,2026-04-16T15:03:43.364718+00:00
AMZN,185.67,344,2026-04-16T15:03:43.465580+00:00
GOOGL,137.22,442,2026-04-16T15:03:43.566358+00:00
AAPL,186.79,70,2026-04-16T15:03:43.667185+00:00
TSLA,169.68,443,2026-04-16T15:03:43.767961+00:00
MSFT,404.93,76,2026-04-16T15:03:43.868898+00:00
AAPL,187.04,302,2026-04-16T15:03:43.969801+00:00
GOOGL,136.82,393,2026-04-16T15:03:44.070745+00:00
AMZN,185.46,381,2026-04-16T15:03:44.171705+00:00
AAPL,187.05,387,2026-04-16T15:03:44.272549+00:00
AAPL,186.75,326,2026-04-16T15:03:44.373254+00:00
GOOGL,136.86,407,2026-04-16T15:03:44.474142+00:00
AAPL,186.87,434,2026-04-16T15:03:44.575010+00:00
TSLA,169.38,90,2026-04-16T15:03:44.675965+00:00
GOOGL,137.03,343,2026-04-16T15:03:44.776930+00:00
GOOGL,136.95,369,2026-04-16T15:03:44.877828+00:00
MSFT,405.13,356,2026-04-16T15:03:44.978655+00:00
AAPL,186.75,430,2026-04-16T15:03:45.079598+00:00
MSFT,404.64,144,2026-04-16T15:03:45.180080+00:00
AMZN,185.11,168,2026-04-16T15:03:45.280893+00:00
TSLA,169.51,416,2026-04-16T15:03:45.381731+00:00
AMZN,184.76,355,2026-04-16T15:03:45.482709+00:00
GOOGL,140.62,356,2026-04-20T16:24:36.786255+00:00
AAPL,181.8,435,2026-04-20T16:24:36.887044+00:00
GOOGL,141.05,430,2026-04-20T16:24:36.988524+00:00
TSLA,175.06,252,2026-04-20T16:24:37.090216+00:00
TSLA,175.04,114,2026-04-20T16:24:37.190920+00:00
AMZN,184.61,493,2026-04-20T16:24:37.291360+00:00
MSFT,415.44,142,2026-04-20T16:24:37.392421+00:00
GOOGL,141.31,353,2026-04-20T16:24:37.493628+00:00
MSFT,415.78,177,2026-04-20T16:24:37.594434+00:00
TSLA,174.98,306,2026-04-20T16:24:37.695650+00:00
TSLA,174.95,423,2026-04-20T16:24:37.796265+00:00
TSLA,175.26,463,2026-04-20T16:24:37.897823+00:00
MSFT,415.82,367,2026-04-20T16:24:37.998439+00:00
AMZN,184.64,290,2026-04-20T16:24:38.099045+00:00
AMZN,184.67,346,2026-04-20T16:24:38.200138+00:00
AMZN,185.08,171,2026-04-20T16:24:38.301084+00:00
MSFT,415.45,213,2026-04-20T16:24:38.401514+00:00
AAPL,181.81,416,2026-04-20T16:24:38.502542+00:00
TSLA,175.65,112,2026-04-20T16:24:38.604137+00:00
MSFT,415.3,178,2026-04-20T16:24:38.704978+00:00
AMZN,184.97,420,2026-04-20T16:24:38.805668+00:00
MSFT,415.35,36,2026-04-20T16:24:38.907387+00:00
MSFT,415.81,227,2026-04-20T16:24:39.008637+00:00
AAPL,181.64,289,2026-04-20T16:24:39.109447+00:00
GOOGL,141.67,148,2026-04-20T16:24:39.210210+00:00
AMZN,184.77,464,2026-04-20T16:24:39.311084+00:00
AAPL,181.93,74,2026-04-20T16:24:39.411906+00:00
TSLA,175.88,358,2026-04-20T16:24:39.512347+00:00
AMZN,184.35,196,2026-04-20T16:24:39.613516+00:00
AAPL,182.29,443,2026-04-20T16:24:39.714813+00:00
TSLA,176.25,406,2026-04-20T16:24:39.815741+00:00
MSFT,416.09,303,2026-04-20T16:24:39.916975+00:00
AMZN,184.16,307,2026-04-20T16:24:40.017493+00:00
GOOGL,141.95,330,2026-04-20T16:24:40.117901+00:00
TSLA,176.3,254,2026-04-20T16:24:40.218696+00:00
MSFT,415.9,341,2026-04-20T16:24:40.319182+00:00
GOOGL,141.66,344,2026-04-20T16:24:40.419987+00:00
TSLA,176.79,14,2026-04-20T16:24:40.520541+00:00
MSFT,415.52,440,2026-04-20T16:24:40.621035+00:00
AMZN,184.16,102,2026-04-20T16:24:40.721920+00:00
TSLA,176.85,266,2026-04-20T16:24:40.822821+00:00
AAPL,181.88,58,2026-04-20T16:24:40.923901+00:00
AMZN,184.03,230,2026-04-20T16:24:41.025125+00:00
AAPL,182.05,436,2026-04-20T16:24:41.125646+00:00
AAPL,181.65,492,2026-04-20T16:24:41.226604+00:00
MSFT,415.32,177,2026-04-20T16:24:41.327677+00:00
MSFT,414.95,131,2026-04-20T16:24:41.429090+00:00
AMZN,183.87,399,2026-04-20T16:24:41.529831+00:00
AAPL,181.32,109,2026-04-20T16:24:41.630910+00:00
AAPL,180.86,151,2026-04-20T16:24:41.731832+00:00
MSFT,415.03,342,2026-04-20T16:24:41.832665+00:00
AAPL,180.55,230,2026-04-20T16:24:41.935564+00:00
GOOGL,141.88,51,2026-04-20T16:24:42.036193+00:00
GOOGL,141.9,303,2026-04-20T16:24:42.137733+00:00
GOOGL,141.46,138,2026-04-20T16:24:42.238930+00:00
TSLA,176.63,500,2026-04-20T16:24:42.339869+00:00
AAPL,180.55,12,2026-04-20T16:24:42.440924+00:00
GOOGL,141.03,78,2026-04-20T16:24:42.542706+00:00
AAPL,180.36,219,2026-04-20T16:24:42.643216+00:00
AAPL,181.71,259,2026-04-20T16:33:49.896953+00:00
TSLA,175.04,282,2026-04-20T16:33:50.811405+00:00
AAPL,181.71,305,2026-04-20T16:33:50.911940+00:00
AAPL,181.37,189,2026-04-20T16:33:51.012773+00:00
TSLA,175.08,439,2026-04-20T16:33:51.113284+00:00
TSLA,174.89,123,2026-04-20T16:33:51.214118+00:00
TSLA,174.44,85,2026-04-20T16:33:51.314951+00:00
GOOGL,139.55,25,2026-04-20T16:33:51.415486+00:00
GOOGL,139.47,246,2026-04-20T16:33:51.516179+00:00
TSLA,174.0,227,2026-04-20T16:33:51.617005+00:00
AAPL,181.53,233,2026-04-20T16:33:51.717437+00:00
AMZN,184.54,479,2026-04-20T16:33:51.818367+00:00
TSLA,174.38,370,2026-04-20T16:33:51.919120+00:00
AAPL,181.87,327,2026-04-20T16:33:52.020003+00:00
MSFT,415.22,318,2026-04-20T16:33:52.121022+00:00
AAPL,182.35,392,2026-04-20T16:33:52.221875+00:00
AAPL,182.08,364,2026-04-20T16:33:52.322876+00:00
AAPL,182.35,369,2026-04-20T16:33:52.423416+00:00
AMZN,184.39,241,2026-04-20T16:33:52.524501+00:00
TSLA,174.5,258,2026-04-20T16:33:52.625408+00:00
TSLA,174.89,48,2026-04-20T16:33:52.726351+00:00
AAPL,182.52,172,2026-04-20T16:33:52.827397+00:00
MSFT,414.93,363,2026-04-20T16:33:52.927963+00:00
MSFT,415.34,379,2026-04-20T16:33:53.028768+00:00
MSFT,415.39,108,2026-04-20T16:33:53.129259+00:00
AMZN,184.77,336,2026-04-20T16:33:53.229940+00:00
MSFT,415.52,188,2026-04-20T16:33:53.330690+00:00
GOOGL,139.54,53,2026-04-20T16:33:53.431573+00:00
TSLA,175.04,188,2026-04-20T16:33:53.532341+00:00
GOOGL,139.98,152,2026-04-20T16:33:53.633263+00:00
MSFT,415.09,280,2026-04-20T16:33:53.733731+00:00
MSFT,414.97,366,2026-04-20T16:33:53.833012+00:00
MSFT,415.31,37,2026-04-20T16:33:53.933624+00:00
AMZN,184.72,442,2026-04-20T16:33:54.034672+00:00
GOOGL,139.53,252,2026-04-20T16:33:54.135629+00:00
AAPL,182.52,114,2026-04-20T16:33:54.236709+00:00
AAPL,182.91,192,2026-04-20T16:33:54.337220+00:00
AMZN,184.93,235,2026-04-20T16:33:54.437992+00:00
AAPL,182.77,437,2026-04-20T16:33:54.539219+00:00
MSFT,415.37,67,2026-04-20T16:33:54.646397+00:00
GOOGL,139.08,388,2026-04-20T16:33:54.748565+00:00
TSLA,174.55,226,2026-04-20T16:33:54.849851+00:00
TSLA,174.63,161,2026-04-20T16:33:54.952546+00:00
TSLA,174.22,435,2026-04-20T16:33:55.055744+00:00
MSFT,415.76,189,2026-04-20T16:33:55.156172+00:00
AMZN,185.01,19,2026-04-20T16:33:55.256677+00:00
TSLA,174.44,349,2026-04-20T16:33:55.357535+00:00
AMZN,185.29,372,2026-04-20T16:33:55.458514+00:00
TSLA,174.13,270,2026-04-20T16:33:55.559494+00:00
TSLA,174.06,163,2026-04-20T16:33:55.659931+00:00
AMZN,185.54,377,2026-04-20T16:33:55.760815+00:00
MSFT,415.4,129,2026-04-20T16:33:55.861596+00:00
AAPL,182.84,267,2026-04-20T16:33:55.962549+00:00
MSFT,415.31,474,2026-04-20T16:33:56.063435+00:00
AAPL,182.66,185,2026-04-20T16:33:56.164042+00:00
GOOGL,139.25,118,2026-04-20T16:33:56.264900+00:00
GOOGL,139.53,201,2026-04-20T16:33:56.366042+00:00
GOOGL,139.46,407,2026-04-20T16:33:56.466411+00:00
MSFT,414.96,144,2026-04-20T16:33:56.568236+00:00
AAPL,182.64,434,2026-04-20T16:33:56.671879+00:00
TSLA,174.06,278,2026-04-20T16:33:56.775937+00:00
GOOGL,139.04,461,2026-04-20T16:33:56.876829+00:00
AMZN,185.63,52,2026-04-20T16:33:56.977724+00:00
GOOGL,139.0,265,2026-04-20T16:33:57.078760+00:00
TSLA,173.99,335,2026-04-20T16:33:57.179760+00:00
TSLA,174.35,103,2026-04-20T16:33:57.280705+00:00
AAPL,182.92,208,2026-04-20T16:33:57.381579+00:00
GOOGL,138.89,339,2026-04-20T16:33:57.482437+00:00
AAPL,182.77,427,2026-04-20T16:33:57.582863+00:00
AMZN,185.17,70,2026-04-20T16:33:57.683824+00:00
GOOGL,139.19,457,2026-04-20T16:33:57.784248+00:00
TSLA,174.79,273,2026-04-20T16:33:57.885055+00:00
MSFT,414.72,229,2026-04-20T16:33:57.985518+00:00
TSLA,175.1,292,2026-04-20T16:33:58.086004+00:00
MSFT,415.05,113,2026-04-20T16:33:58.186970+00:00
TSLA,174.87,334,2026-04-20T16:33:58.289133+00:00
AAPL,182.66,73,2026-04-20T16:33:58.389880+00:00
AAPL,182.72,239,2026-04-20T16:33:58.491039+00:00
AMZN,185.66,125,2026-04-20T16:33:58.592099+00:00
MSFT,414.87,379,2026-04-20T16:33:58.693016+00:00
AMZN,186.04,120,2026-04-20T16:33:58.793831+00:00
AAPL,182.65,310,2026-04-20T16:33:58.894252+00:00
AAPL,182.42,307,2026-04-20T16:33:58.995065+00:00
TSLA,175.34,380,2026-04-20T16:33:59.095975+00:00
AMZN,185.87,213,2026-04-20T16:33:59.196532+00:00
AAPL,182.83,290,2026-04-20T16:33:59.297459+00:00
GOOGL,139.27,274,2026-04-20T16:33:59.398665+00:00
TSLA,175.29,95,2026-04-20T16:33:59.499582+00:00
TSLA,175.05,440,2026-04-20T16:33:59.600560+00:00
AAPL,183.15,412,2026-04-20T16:33:59.701276+00:00
AAPL,183.11,114,2026-04-20T16:33:59.802174+00:00
GOOGL,139.46,184,2026-04-20T16:33:59.903162+00:00
TSLA,175.17,437,2026-04-20T16:34:00.004065+00:00
TSLA,175.49,296,2026-04-20T16:34:00.104953+00:00
MSFT,414.62,497,2026-04-20T16:34:00.205764+00:00
AAPL,182.9,85,2026-04-20T16:34:00.306614+00:00
TSLA,175.58,25,2026-04-20T16:34:00.407211+00:00
TSLA,175.86,166,2026-04-20T16:34:00.508451+00:00
GOOGL,139.73,44,2026-04-20T16:34:00.609799+00:00
AMZN,185.43,62,2026-04-20T16:34:00.710442+00:00
AMZN,185.78,376,2026-04-20T16:34:00.811428+00:00
GOOGL,140.18,402,2026-04-20T16:34:00.912342+00:00
TSLA,176.13,31,2026-04-20T16:34:01.013173+00:00
AMZN,185.31,204,2026-04-20T16:34:01.113995+00:00
AMZN,184.9,268,2026-04-20T16:34:01.214925+00:00
AMZN,184.9,134,2026-04-20T16:34:01.315429+00:00
MSFT,415.05,95,2026-04-20T16:34:01.416431+00:00
AMZN,184.88,191,2026-04-20T16:34:01.517165+00:00
AAPL,183.15,474,2026-04-20T16:34:01.617703+00:00
GOOGL,140.44,59,2026-04-20T16:34:01.718972+00:00
TSLA,176.24,357,2026-04-20T16:34:01.820110+00:00
AAPL,183.05,241,2026-04-20T16:34:01.921020+00:00
AAPL,182.85,135,2026-04-20T16:34:02.021701+00:00
AMZN,185.38,287,2026-04-20T16:34:02.122588+00:00
AAPL,182.65,151,2026-04-20T16:34:02.223546+00:00
MSFT,414.56,252,2026-04-20T16:34:02.324516+00:00
TSLA,175.91,24,2026-04-20T16:34:02.425318+00:00
MSFT,414.7,331,2026-04-20T16:34:02.526318+00:00
MSFT,414.74,484,2026-04-20T16:34:02.627191+00:00
AAPL,182.92,64,2026-04-20T16:34:02.727948+00:00
AAPL,182.72,238,2026-04-20T16:34:02.828824+00:00
TSLA,175.7,361,2026-04-20T16:34:02.929324+00:00
MSFT,414.55,243,2026-04-20T16:34:03.029757+00:00
AAPL,182.74,93,2026-04-20T16:34:03.130135+00:00
TSLA,175.94,479,2026-04-20T16:34:03.230987+00:00
TSLA,176.33,355,2026-04-20T16:34:03.331873+00:00
AAPL,183.15,473,2026-04-20T16:34:03.432754+00:00
AMZN,185.67,449,2026-04-20T16:34:03.533630+00:00
MSFT,414.76,127,2026-04-20T16:34:03.634584+00:00
MSFT,414.93,335,2026-04-20T16:34:03.735445+00:00
TSLA,176.48,119,2026-04-20T16:34:03.835912+00:00
AMZN,185.29,257,2026-04-20T16:34:03.936745+00:00
MSFT,415.05,114,2026-04-20T16:34:04.037524+00:00
AAPL,183.52,171,2026-04-20T16:34:04.138378+00:00
AMZN,185.26,100,2026-04-20T16:34:04.239116+00:00
TSLA,176.57,48,2026-04-20T16:34:04.340116+00:00
GOOGL,140.34,482,2026-04-20T16:34:04.441194+00:00
GOOGL,140.02,10,2026-04-20T16:34:04.542104+00:00
AAPL,183.05,84,2026-04-20T16:34:04.642512+00:00
AMZN,184.94,97,2026-04-20T16:34:04.743322+00:00
MSFT,414.61,213,2026-04-20T16:34:04.844319+00:00
AMZN,184.91,186,2026-04-20T16:34:04.944764+00:00
AMZN,185.15,292,2026-04-20T16:34:05.045131+00:00
AMZN,184.86,398,2026-04-20T16:34:05.145474+00:00
GOOGL,140.05,378,2026-04-20T16:34:05.245904+00:00
GOOGL,140.18,287,2026-04-20T16:34:05.346391+00:00
MSFT,414.16,256,2026-04-20T16:34:05.447392+00:00
AAPL,183.24,335,2026-04-20T16:34:05.548143+00:00
GOOGL,139.93,86,2026-04-20T16:34:05.648632+00:00
AAPL,183.09,467,2026-04-20T16:34:05.749848+00:00
TSLA,176.26,303,2026-04-20T16:34:05.850386+00:00
GOOGL,139.79,99,2026-04-20T16:34:05.950796+00:00
AMZN,184.71,288,2026-04-20T16:34:06.051368+00:00
GOOGL,139.75,172,2026-04-20T16:34:06.152157+00:00
AAPL,182.72,64,2026-04-20T16:34:06.253067+00:00
AAPL,182.22,43,2026-04-20T16:34:06.353934+00:00
AAPL,182.7,408,2026-04-20T16:34:06.454951+00:00
TSLA,175.8,357,2026-04-20T16:34:06.555905+00:00
AAPL,183.04,295,2026-04-20T16:34:06.656354+00:00
MSFT,414.12,247,2026-04-20T16:34:06.757278+00:00
AMZN,185.19,426,2026-04-20T16:34:06.858543+00:00
GOOGL,139.29,351,2026-04-20T16:34:06.959470+00:00
AMZN,185.12,246,2026-04-20T16:34:07.060358+00:00
MSFT,413.73,483,2026-04-20T16:34:07.161164+00:00
AAPL,182.87,196,2026-04-20T16:34:07.261828+00:00
AMZN,184.79,449,2026-04-20T16:34:07.362839+00:00
AMZN,185.29,21,2026-04-20T16:34:07.463555+00:00
MSFT,413.46,390,2026-04-20T16:34:07.564741+00:00
AAPL,183.28,34,2026-04-20T16:34:07.665694+00:00
MSFT,413.68,213,2026-04-20T16:34:07.766543+00:00
GOOGL,138.87,139,2026-04-20T16:34:07.867445+00:00
TSLA,175.73,42,2026-04-20T16:34:07.968505+00:00
AAPL,183.22,135,2026-04-20T16:34:08.069662+00:00
TSLA,175.71,89,2026-04-20T16:34:08.170763+00:00
MSFT,413.23,370,2026-04-20T16:34:08.271499+00:00
AAPL,183.14,37,2026-04-20T16:34:08.372205+00:00
GOOGL,139.05,366,2026-04-20T16:34:08.473082+00:00
AMZN,185.68,202,2026-04-20T16:34:08.573676+00:00
TSLA,175.59,162,2026-04-20T16:34:08.674577+00:00
TSLA,175.34,284,2026-04-20T16:34:08.775503+00:00
GOOGL,138.89,320,2026-04-20T16:34:08.876379+00:00
TSLA,175.79,245,2026-04-20T16:34:08.977206+00:00
MSFT,413.69,303,2026-04-20T16:34:09.078265+00:00
MSFT,414.04,202,2026-04-20T16:34:09.178900+00:00
GOOGL,138.88,86,2026-04-20T16:34:09.279608+00:00
AMZN,185.82,267,2026-04-20T16:34:09.380598+00:00
GOOGL,139.38,41,2026-04-20T16:34:09.481498+00:00
AMZN,186.01,446,2026-04-20T16:34:09.581968+00:00
MSFT,414.39,85,2026-04-20T16:34:09.682870+00:00
MSFT,414.27,90,2026-04-20T16:34:09.783895+00:00
GOOGL,139.51,84,2026-04-20T16:34:09.884721+00:00
GOOGL,139.11,478,2026-04-20T16:34:09.985493+00:00
MSFT,414.47,176,2026-04-20T16:34:10.087066+00:00
GOOGL,138.85,26,2026-04-20T16:34:10.187463+00:00
AAPL,182.95,136,2026-04-20T16:34:10.287905+00:00
GOOGL,139.33,31,2026-04-20T16:34:10.388743+00:00
GOOGL,139.76,64,2026-04-20T16:34:10.489205+00:00
AAPL,182.7,306,2026-04-20T16:34:10.590026+00:00
TSLA,175.61,183,2026-04-20T16:34:10.690754+00:00
AAPL,182.98,490,2026-04-20T16:34:10.791509+00:00
AAPL,182.85,192,2026-04-20T16:34:10.892367+00:00
AMZN,186.44,33,2026-04-20T16:34:10.993239+00:00
MSFT,414.66,191,2026-04-20T16:34:11.094017+00:00
GOOGL,139.71,129,2026-04-20T16:34:11.194824+00:00
MSFT,414.69,270,2026-04-20T16:34:11.295584+00:00
MSFT,414.3,322,2026-04-20T16:34:11.396087+00:00
AMZN,186.43,206,2026-04-20T16:34:11.496874+00:00
MSFT,413.96,58,2026-04-20T16:34:11.597724+00:00
TSLA,175.76,327,2026-04-20T16:34:11.698555+00:00
TSLA,176.03,32,2026-04-20T16:34:11.799016+00:00
AAPL,182.39,142,2026-04-20T16:34:11.899972+00:00
MSFT,414.31,377,2026-04-20T16:34:12.001245+00:00
TSLA,175.69,359,2026-04-20T16:34:12.101992+00:00
MSFT,414.34,405,2026-04-20T16:34:12.202450+00:00
MSFT,414.54,494,2026-04-20T16:34:12.302940+00:00
GOOGL,139.87,406,2026-04-20T16:34:12.403447+00:00
GOOGL,139.52,459,2026-04-20T16:34:12.504462+00:00
TSLA,175.47,93,2026-04-20T16:34:12.604899+00:00
AMZN,186.71,386,2026-04-20T16:34:12.705414+00:00
MSFT,414.94,204,2026-04-20T16:34:12.806347+00:00
GOOGL,139.58,245,2026-04-20T16:34:12.907269+00:00
MSFT,414.49,353,2026-04-20T16:34:13.008206+00:00
TSLA,175.01,447,2026-04-20T16:34:13.109076+00:00
GOOGL,139.6,368,2026-04-20T16:34:13.210419+00:00
MSFT,414.98,238,2026-04-20T16:34:13.311025+00:00
TSLA,174.61,275,2026-04-20T16:34:13.412146+00:00
MSFT,415.46,209,2026-04-20T16:34:13.513110+00:00
AMZN,186.49,478,2026-04-20T16:34:13.614182+00:00
GOOGL,139.12,280,2026-04-20T16:34:13.714878+00:00
MSFT,415.9,473,2026-04-20T16:34:13.815779+00:00
AAPL,181.93,172,2026-04-20T16:34:13.916727+00:00
TSLA,174.27,32,2026-04-20T16:34:14.017180+00:00
AAPL,181.57,338,2026-04-20T16:34:14.117683+00:00
GOOGL,138.76,280,2026-04-20T16:34:14.218244+00:00
AAPL,181.41,366,2026-04-20T16:34:14.318678+00:00
AMZN,186.05,495,2026-04-20T16:34:14.419616+00:00
AAPL,181.47,318,2026-04-20T16:34:14.520913+00:00
AAPL,181.27,284,2026-04-20T16:34:14.622148+00:00
AAPL,181.1,291,2026-04-20T16:34:14.723333+00:00
GOOGL,138.49,373,2026-04-20T16:34:14.823800+00:00
TSLA,174.44,493,2026-04-20T16:34:14.924426+00:00
MSFT,415.98,29,2026-04-20T16:34:15.025138+00:00
MSFT,415.52,230,2026-04-20T16:34:15.125990+00:00
GOOGL,138.12,178,2026-04-20T16:34:15.226436+00:00
AMZN,185.82,123,2026-04-20T16:34:15.326846+00:00
GOOGL,138.61,68,2026-04-20T16:34:15.427328+00:00
AAPL,180.69,362,2026-04-20T16:34:15.527799+00:00
TSLA,174.23,113,2026-04-20T16:34:15.628220+00:00
GOOGL,138.49,472,2026-04-20T16:34:15.729153+00:00
TSLA,174.31,199,2026-04-20T16:34:15.830135+00:00
AMZN,185.96,196,2026-04-20T16:34:15.930978+00:00
AMZN,186.25,90,2026-04-20T16:34:16.031774+00:00
TSLA,174.37,154,2026-04-20T16:34:16.132513+00:00
GOOGL,138.38,274,2026-04-20T16:34:16.233389+00:00
AMZN,186.24,279,2026-04-20T16:34:16.334461+00:00
TSLA,174.49,162,2026-04-20T16:34:16.435323+00:00
AMZN,186.62,450,2026-04-20T16:34:16.536277+00:00
GOOGL,138.71,183,2026-04-20T16:34:16.637050+00:00
AMZN,186.93,156,2026-04-20T16:34:16.737966+00:00
TSLA,174.43,491,2026-04-20T16:34:16.838408+00:00
AMZN,186.72,312,2026-04-20T16:34:16.939393+00:00
TSLA,174.55,67,2026-04-20T16:34:17.040078+00:00
GOOGL,138.31,157,2026-04-20T16:34:17.141219+00:00
GOOGL,138.08,332,2026-04-20T16:34:17.241817+00:00
GOOGL,138.06,464,2026-04-20T16:34:17.342760+00:00
AAPL,180.51,296,2026-04-20T16:34:17.443355+00:00
AMZN,186.31,400,2026-04-20T16:34:17.544025+00:00
AAPL,180.58,413,2026-04-20T16:34:17.644475+00:00
AMZN,186.44,217,2026-04-20T16:34:17.744911+00:00
AAPL,180.29,97,2026-04-20T16:34:17.845793+00:00
AAPL,180.39,490,2026-04-20T16:34:17.946310+00:00
AAPL,180.44,96,2026-04-20T16:34:18.047620+00:00
AAPL,180.43,291,2026-04-20T16:34:18.148503+00:00
GOOGL,138.17,244,2026-04-20T16:34:18.249362+00:00
MSFT,415.24,97,2026-04-20T16:34:18.350523+00:00
GOOGL,138.26,309,2026-04-20T16:34:18.451366+00:00
TSLA,174.88,388,2026-04-20T16:34:18.552160+00:00
TSLA,174.72,122,2026-04-20T16:34:18.653063+00:00
TSLA,174.36,344,2026-04-20T16:34:18.753923+00:00
GOOGL,138.51,278,2026-04-20T16:34:18.854832+00:00
TSLA,174.29,270,2026-04-20T16:34:18.955744+00:00
AMZN,186.71,235,2026-04-20T16:34:19.056181+00:00
TSLA,174.76,429,2026-04-20T16:34:19.156972+00:00
MSFT,415.69,56,2026-04-20T16:34:19.257435+00:00
TSLA,174.44,308,2026-04-20T16:34:19.358456+00:00
MSFT,415.45,494,2026-04-20T16:34:19.458850+00:00
AAPL,180.84,42,2026-04-20T16:34:19.559856+00:00
GOOGL,138.75,100,2026-04-20T16:34:19.660487+00:00
TSLA,174.33,228,2026-04-20T16:34:19.761273+00:00
TSLA,174.27,366,2026-04-20T16:34:19.862341+00:00
AAPL,180.86,251,2026-04-20T16:34:19.963265+00:00
GOOGL,138.31,147,2026-04-20T16:34:20.063730+00:00
TSLA,174.61,236,2026-04-20T16:34:20.164161+00:00
TSLA,174.89,218,2026-04-20T16:34:20.264637+00:00
GOOGL,138.74,83,2026-04-20T16:34:20.365369+00:00
MSFT,415.06,261,2026-04-20T16:34:20.466462+00:00
TSLA,174.59,86,2026-04-20T16:34:20.567756+00:00
MSFT,415.51,491,2026-04-20T16:34:20.668227+00:00
TSLA,174.62,118,2026-04-20T16:34:20.768661+00:00
TSLA,174.16,375,2026-04-20T16:34:20.869496+00:00
MSFT,415.66,72,2026-04-20T16:34:20.970811+00:00
MSFT,416.14,455,2026-04-20T16:34:21.071471+00:00
TSLA,174.12,191,2026-04-20T16:34:21.172419+00:00
AAPL,181.28,325,2026-04-20T16:34:21.273243+00:00
TSLA,174.04,58,2026-04-20T16:34:21.374152+00:00
AMZN,186.66,99,2026-04-20T16:34:21.474827+00:00
GOOGL,138.72,172,2026-04-20T16:34:21.575576+00:00
GOOGL,139.18,263,2026-04-20T16:34:21.676432+00:00
AAPL,181.72,107,2026-04-20T16:34:21.777243+00:00
MSFT,415.97,21,2026-04-20T16:34:21.877777+00:00
TSLA,173.57,310,2026-04-20T16:34:21.978642+00:00
AAPL,181.22,292,2026-04-20T16:34:22.079558+00:00
AMZN,186.64,82,2026-04-20T16:34:22.180481+00:00
MSFT,415.68,101,2026-04-20T16:34:22.281494+00:00
GOOGL,139.14,51,2026-04-20T16:34:22.382018+00:00
AAPL,181.24,182,2026-04-20T16:34:22.482460+00:00
GOOGL,139.45,348,2026-04-20T16:34:22.582912+00:00
AMZN,186.88,231,2026-04-20T16:34:22.683888+00:00
AMZN,187.01,94,2026-04-20T16:34:22.784738+00:00
AMZN,187.42,151,2026-04-20T16:34:22.885474+00:00
AAPL,181.67,184,2026-04-20T16:34:22.985989+00:00
AAPL,181.91,480,2026-04-20T16:34:23.086747+00:00
AAPL,181.51,72,2026-04-20T16:34:23.187603+00:00
AMZN,187.31,469,2026-04-20T16:34:23.288102+00:00
TSLA,173.46,68,2026-04-20T16:34:23.388983+00:00
AAPL,181.11,67,2026-04-20T16:34:23.489748+00:00
GOOGL,139.57,111,2026-04-20T16:34:23.590702+00:00
AAPL,181.12,401,2026-04-20T16:34:23.691559+00:00
AMZN,187.1,401,2026-04-20T16:34:23.791105+00:00
GOOGL,139.43,229,2026-04-20T16:34:23.891983+00:00
TSLA,173.4,285,2026-04-20T16:34:23.992836+00:00
MSFT,416.17,447,2026-04-20T16:34:24.093727+00:00
AAPL,180.68,291,2026-04-20T16:34:24.194647+00:00
GOOGL,139.89,404,2026-04-20T16:34:24.295559+00:00
AMZN,186.85,310,2026-04-20T16:34:24.396684+00:00
AMZN,186.56,244,2026-04-20T16:34:24.497955+00:00
AAPL,181.15,483,2026-04-20T16:34:24.598868+00:00
AMZN,186.59,111,2026-04-20T16:34:24.699340+00:00
TSLA,173.48,30,2026-04-20T16:34:24.800558+00:00
AMZN,186.42,320,2026-04-20T16:34:24.901864+00:00
GOOGL,140.02,347,2026-04-20T16:34:25.002923+00:00
AAPL,181.13,295,2026-04-20T16:34:25.104124+00:00
AAPL,180.77,351,2026-04-20T16:34:25.204766+00:00
TSLA,173.17,446,2026-04-20T16:34:25.305322+00:00
MSFT,415.72,453,2026-04-20T16:34:25.406078+00:00
MSFT,415.96,285,2026-04-20T16:34:25.506585+00:00
AMZN,186.82,391,2026-04-20T16:34:25.607405+00:00
MSFT,416.31,33,2026-04-20T16:34:25.708135+00:00
AAPL,180.42,174,2026-04-20T16:34:25.808663+00:00
AMZN,186.9,204,2026-04-20T16:34:25.909702+00:00
GOOGL,140.06,481,2026-04-20T16:34:26.010401+00:00
AAPL,180.47,62,2026-04-20T16:34:26.111247+00:00
AAPL,180.1,370,2026-04-20T16:34:26.211751+00:00
TSLA,173.56,304,2026-04-20T16:34:26.312567+00:00
TSLA,173.48,485,2026-04-20T16:34:26.413324+00:00
GOOGL,139.75,285,2026-04-20T16:34:26.514793+00:00
AAPL,179.8,197,2026-04-20T16:34:26.615510+00:00
AAPL,180.29,12,2026-04-20T16:34:26.716533+00:00
AMZN,186.94,263,2026-04-20T16:34:26.816982+00:00
TSLA,173.66,41,2026-04-20T16:34:26.917891+00:00
AAPL,180.57,353,2026-04-20T16:34:27.018392+00:00
AMZN,186.51,341,2026-04-20T16:34:27.119337+00:00
GOOGL,139.55,23,2026-04-20T16:34:27.220246+00:00
GOOGL,139.66,456,2026-04-20T16:34:27.321274+00:00
MSFT,416.79,199,2026-04-20T16:34:27.422245+00:00
TSLA,174.15,370,2026-04-20T16:34:27.523028+00:00
GOOGL,139.37,17,2026-04-20T16:34:27.623728+00:00
MSFT,417.1,116,2026-04-20T16:34:27.724661+00:00
AMZN,186.51,160,2026-04-20T16:34:27.825137+00:00
AMZN,186.88,188,2026-04-20T16:34:27.926042+00:00
AAPL,180.35,56,2026-04-20T16:34:28.026680+00:00
MSFT,417.38,24,2026-04-20T16:34:28.127576+00:00
AMZN,186.5,467,2026-04-20T16:34:28.228440+00:00
MSFT,417.35,139,2026-04-20T16:34:28.329344+00:00
AAPL,180.68,484,2026-04-20T16:34:28.430223+00:00
AMZN,186.54,357,2026-04-20T16:34:28.531036+00:00
GOOGL,139.42,473,2026-04-20T16:34:28.632015+00:00
AMZN,186.69,489,2026-04-20T16:34:28.732839+00:00
AAPL,180.92,184,2026-04-20T16:34:28.833856+00:00
GOOGL,139.15,41,2026-04-20T16:34:28.934936+00:00
AAPL,180.9,107,2026-04-20T16:34:29.035894+00:00
GOOGL,138.93,175,2026-04-20T16:34:29.136813+00:00
AAPL,180.96,336,2026-04-20T16:34:29.237692+00:00
MSFT,417.76,477,2026-04-20T16:34:29.338132+00:00
AAPL,181.02,378,2026-04-20T16:34:29.438988+00:00
MSFT,417.65,397,2026-04-20T16:34:29.539387+00:00
GOOGL,138.47,254,2026-04-20T16:34:29.640158+00:00
MSFT,417.6,361,2026-04-20T16:34:29.741048+00:00
AAPL,180.78,226,2026-04-20T16:34:29.841822+00:00
MSFT,417.99,39,2026-04-20T16:34:29.942265+00:00
MSFT,417.95,62,2026-04-20T16:34:30.043366+00:00
AAPL,181.09,194,2026-04-20T16:34:30.144104+00:00
MSFT,418.04,396,2026-04-20T16:34:30.244889+00:00
TSLA,174.28,245,2026-04-20T16:34:30.345861+00:00
GOOGL,138.59,375,2026-04-20T16:34:30.447008+00:00
TSLA,174.41,380,2026-04-20T16:34:30.547474+00:00
MSFT,418.03,134,2026-04-20T16:34:30.647933+00:00
TSLA,174.19,265,2026-04-20T16:34:30.748781+00:00
AMZN,186.48,437,2026-04-20T16:34:30.849604+00:00
MSFT,417.96,477,2026-04-20T16:34:30.950566+00:00
AAPL,181.13,135,2026-04-20T16:34:31.051452+00:00
TSLA,173.84,278,2026-04-20T16:34:31.152245+00:00
GOOGL,138.78,58,2026-04-20T16:34:31.253073+00:00
TSLA,173.89,90,2026-04-20T16:34:31.354066+00:00
TSLA,174.05,98,2026-04-20T16:34:31.455069+00:00
AAPL,180.96,52,2026-04-20T16:34:31.555894+00:00
AMZN,186.06,331,2026-04-20T16:34:31.656855+00:00
AMZN,186.17,469,2026-04-20T16:34:31.757765+00:00
MSFT,418.39,470,2026-04-20T16:34:31.858764+00:00
AMZN,186.22,68,2026-04-20T16:34:31.959284+00:00
TSLA,173.58,267,2026-04-20T16:34:32.060197+00:00
AAPL,180.7,392,2026-04-20T16:34:32.160943+00:00
AAPL,180.41,397,2026-04-20T16:34:32.261919+00:00
AAPL,180.45,115,2026-04-20T16:34:32.362916+00:00
MSFT,418.06,378,2026-04-20T16:34:32.463848+00:00
AAPL,180.85,206,2026-04-20T16:34:32.564715+00:00
AAPL,180.39,290,2026-04-20T16:34:32.665587+00:00
TSLA,173.16,224,2026-04-20T16:34:32.766574+00:00
AAPL,180.61,455,2026-04-20T16:34:32.867036+00:00
AMZN,185.99,116,2026-04-20T16:34:32.967935+00:00
AMZN,185.92,160,2026-04-20T16:34:33.068930+00:00
AMZN,185.66,484,2026-04-20T16:34:33.169909+00:00
AAPL,180.53,151,2026-04-20T16:34:33.270817+00:00
MSFT,418.23,195,2026-04-20T16:34:33.371803+00:00
MSFT,417.89,314,2026-04-20T16:34:33.472534+00:00
AMZN,185.46,344,2026-04-20T16:34:33.573017+00:00
TSLA,172.93,401,2026-04-20T16:34:33.673716+00:00
MSFT,417.6,181,2026-04-20T16:34:33.774522+00:00
GOOGL,138.92,49,2026-04-20T16:34:33.875316+00:00
MSFT,417.85,374,2026-04-20T16:34:33.976097+00:00
TSLA,172.67,132,2026-04-20T16:34:34.076975+00:00
AAPL,180.61,62,2026-04-20T16:34:34.178312+00:00
TSLA,173.08,10,2026-04-20T16:34:34.279601+00:00
AMZN,185.38,243,2026-04-20T16:34:34.380434+00:00
MSFT,418.31,290,2026-04-20T16:34:34.481259+00:00
GOOGL,138.51,77,2026-04-20T16:34:34.581716+00:00
AAPL,180.32,117,2026-04-20T16:34:34.682548+00:00
AAPL,180.48,191,2026-04-20T16:34:34.783440+00:00
AMZN,185.73,268,2026-04-20T16:34:34.884343+00:00
MSFT,417.97,357,2026-04-20T16:34:34.985388+00:00
AMZN,185.51,197,2026-04-20T16:34:35.086266+00:00
AMZN,185.18,497,2026-04-20T16:34:35.186615+00:00
GOOGL,138.47,276,2026-04-20T16:34:35.287510+00:00
AAPL,180.14,290,2026-04-20T16:34:35.387876+00:00
AMZN,185.36,16,2026-04-20T16:34:35.488806+00:00
AMZN,185.16,91,2026-04-20T16:34:35.589943+00:00
TSLA,172.59,67,2026-04-20T16:34:35.690855+00:00
GOOGL,138.66,272,2026-04-20T16:34:35.791708+00:00
MSFT,417.85,266,2026-04-20T16:34:35.892143+00:00
MSFT,417.6,456,2026-04-20T16:34:35.993035+00:00
GOOGL,139.02,384,2026-04-20T16:34:36.094005+00:00
AMZN,185.29,462,2026-04-20T16:34:36.195841+00:00
TSLA,172.14,498,2026-04-20T16:34:36.296849+00:00
TSLA,171.94,258,2026-04-20T16:34:36.397592+00:00
GOOGL,138.95,340,2026-04-20T16:34:36.498644+00:00
GOOGL,138.91,421,2026-04-20T16:34:36.599524+00:00
TSLA,171.98,407,2026-04-20T16:34:36.700363+00:00
MSFT,418.0,235,2026-04-20T16:34:36.801309+00:00
AAPL,179.67,195,2026-04-20T16:34:36.902519+00:00
AAPL,179.17,244,2026-04-20T16:34:37.002953+00:00
AMZN,185.25,267,2026-04-20T16:34:37.103823+00:00
AMZN,185.42,332,2026-04-20T16:34:37.204719+00:00
TSLA,172.14,178,2026-04-20T16:34:37.305963+00:00
MSFT,418.16,369,2026-04-20T16:34:37.406797+00:00
TSLA,171.85,124,2026-04-20T16:34:37.507654+00:00
MSFT,417.87,494,2026-04-20T16:34:37.608248+00:00
TSLA,172.27,338,2026-04-20T16:34:37.709471+00:00
GOOGL,139.33,432,2026-04-20T16:34:37.810372+00:00
GOOGL,139.33,20,2026-04-20T16:34:37.911473+00:00
AAPL,179.48,303,2026-04-20T16:34:38.012491+00:00
TSLA,172.54,396,2026-04-20T16:34:38.113575+00:00
AMZN,185.85,354,2026-04-20T16:34:38.214889+00:00
GOOGL,139.64,468,2026-04-20T16:34:38.315843+00:00
AAPL,179.12,179,2026-04-20T16:34:38.416271+00:00
AAPL,179.23,102,2026-04-20T16:34:38.517515+00:00
AAPL,179.33,220,2026-04-20T16:34:38.618867+00:00
MSFT,417.89,316,2026-04-20T16:34:38.719251+00:00
MSFT,418.14,477,2026-04-20T16:34:38.819738+00:00
TSLA,172.39,225,2026-04-20T16:34:38.920751+00:00
TSLA,172.42,226,2026-04-20T16:34:39.021376+00:00
AMZN,185.84,156,2026-04-20T16:34:39.122336+00:00
GOOGL,139.56,145,2026-04-20T16:34:39.223260+00:00
AMZN,186.05,118,2026-04-20T16:34:39.324052+00:00
AAPL,179.62,13,2026-04-20T16:34:39.424625+00:00
AAPL,179.33,316,2026-04-20T16:34:39.525556+00:00
AAPL,179.82,236,2026-04-20T16:34:39.626278+00:00
GOOGL,139.86,410,2026-04-20T16:34:39.727389+00:00
AMZN,185.98,345,2026-04-20T16:34:39.828175+00:00
GOOGL,139.5,203,2026-04-20T16:34:39.929168+00:00
TSLA,172.67,89,2026-04-20T16:34:40.030032+00:00
TSLA,172.75,182,2026-04-20T16:34:40.130983+00:00
GOOGL,139.33,281,2026-04-20T16:34:40.232303+00:00
GOOGL,139.59,230,2026-04-20T16:34:40.333380+00:00
MSFT,417.76,46,2026-04-20T16:34:40.434458+00:00
GOOGL,139.64,413,2026-04-20T16:34:40.535396+00:00
TSLA,172.57,468,2026-04-20T16:34:40.636194+00:00
TSLA,172.78,159,2026-04-20T16:34:40.737124+00:00
AMZN,185.99,259,2026-04-20T16:34:40.837507+00:00
MSFT,418.11,278,2026-04-20T16:34:40.938436+00:00
GOOGL,139.88,288,2026-04-20T16:34:41.039231+00:00
MSFT,418.59,231,2026-04-20T16:34:41.140146+00:00
TSLA,172.81,167,2026-04-20T16:34:41.240630+00:00
AMZN,186.41,306,2026-04-20T16:34:41.341537+00:00
TSLA,173.2,61,2026-04-20T16:34:41.442752+00:00
AMZN,185.93,125,2026-04-20T16:34:41.543386+00:00
GOOGL,140.25,270,2026-04-20T16:34:41.644508+00:00
TSLA,172.72,120,2026-04-20T16:34:41.745152+00:00
AAPL,179.37,427,2026-04-20T16:34:41.846289+00:00
AAPL,179.34,487,2026-04-20T16:34:41.946733+00:00
TSLA,173.18,431,2026-04-20T16:34:42.047536+00:00
AMZN,185.7,339,2026-04-20T16:34:42.148598+00:00
MSFT,418.66,254,2026-04-20T16:34:42.249045+00:00
TSLA,173.42,312,2026-04-20T16:34:42.349909+00:00
MSFT,418.29,445,2026-04-20T16:34:42.450906+00:00
TSLA,173.16,482,2026-04-20T16:34:42.551744+00:00
GOOGL,139.99,168,2026-04-20T16:34:42.652651+00:00
MSFT,418.11,149,2026-04-20T16:34:42.753084+00:00
TSLA,173.42,465,2026-04-20T16:34:42.853462+00:00
TSLA,173.34,144,2026-04-20T16:34:42.954336+00:00
MSFT,418.48,58,2026-04-20T16:34:43.054730+00:00
MSFT,418.83,318,2026-04-20T16:34:43.155509+00:00
AAPL,178.92,62,2026-04-20T16:34:43.256322+00:00
MSFT,418.52,371,2026-04-20T16:34:43.357295+00:00
AAPL,178.49,317,2026-04-20T16:34:43.458237+00:00
AAPL,178.41,382,2026-04-20T16:34:43.558984+00:00
TSLA,173.31,187,2026-04-20T16:34:43.659899+00:00
TSLA,173.48,38,2026-04-20T16:34:43.760931+00:00
TSLA,173.38,340,2026-04-20T16:34:43.862057+00:00
MSFT,418.5,491,2026-04-20T16:34:43.963443+00:00
TSLA,173.51,224,2026-04-20T16:34:44.064384+00:00
AMZN,185.27,278,2026-04-20T16:34:44.165391+00:00
GOOGL,140.48,346,2026-04-20T16:34:44.266130+00:00
MSFT,418.83,425,2026-04-20T16:34:44.367189+00:00
TSLA,173.33,214,2026-04-20T16:34:44.467594+00:00
AMZN,185.7,302,2026-04-20T16:34:44.568549+00:00
GOOGL,140.19,476,2026-04-20T16:34:44.668979+00:00
AAPL,178.84,349,2026-04-20T16:34:44.769840+00:00
MSFT,419.26,396,2026-04-20T16:34:44.870648+00:00
GOOGL,140.4,453,2026-04-20T16:34:44.971506+00:00
AMZN,185.25,134,2026-04-20T16:34:45.072370+00:00
GOOGL,140.79,341,2026-04-20T16:34:45.173140+00:00
TSLA,172.94,31,2026-04-20T16:34:45.274252+00:00
MSFT,419.47,379,2026-04-20T16:34:45.374678+00:00
GOOGL,141.06,471,2026-04-20T16:34:45.475150+00:00
MSFT,419.23,10,2026-04-20T16:34:45.576034+00:00
GOOGL,141.16,42,2026-04-20T16:34:45.676909+00:00
AMZN,185.33,194,2026-04-20T16:34:45.777770+00:00
MSFT,418.88,156,2026-04-20T16:34:45.878190+00:00
AMZN,185.8,475,2026-04-20T16:34:45.979006+00:00
TSLA,173.19,423,2026-04-20T16:34:46.079806+00:00
MSFT,418.48,433,2026-04-20T16:34:46.180682+00:00
TSLA,172.93,169,2026-04-20T16:34:46.281659+00:00
GOOGL,141.43,441,2026-04-20T16:34:46.382922+00:00
AAPL,178.36,80,2026-04-20T16:34:46.483391+00:00
TSLA,172.62,237,2026-04-20T16:34:46.583792+00:00
MSFT,418.28,19,2026-04-20T16:34:46.684467+00:00
TSLA,172.18,366,2026-04-20T16:34:46.785341+00:00
TSLA,171.96,72,2026-04-20T16:34:46.886280+00:00
AMZN,185.8,56,2026-04-20T16:34:46.986960+00:00
AMZN,185.49,391,2026-04-20T16:34:47.087323+00:00
AMZN,185.32,448,2026-04-20T16:34:47.188069+00:00
MSFT,418.71,332,2026-04-20T16:34:47.289137+00:00
MSFT,418.54,181,2026-04-20T16:34:47.390250+00:00
GOOGL,141.12,395,2026-04-20T16:34:47.491385+00:00
MSFT,418.34,84,2026-04-20T16:34:47.592312+00:00
MSFT,418.62,475,2026-04-20T16:34:47.693073+00:00
AMZN,185.76,154,2026-04-20T16:34:47.794221+00:00
AMZN,186.06,217,2026-04-20T16:34:47.895207+00:00
AAPL,178.84,461,2026-04-20T16:34:47.995996+00:00
AAPL,179.01,243,2026-04-20T16:34:48.096920+00:00
GOOGL,141.07,429,2026-04-20T16:34:48.197407+00:00
MSFT,418.94,308,2026-04-20T16:34:48.298288+00:00
AAPL,179.43,455,2026-04-20T16:34:48.399002+00:00
TSLA,171.65,305,2026-04-20T16:34:48.499712+00:00
AAPL,179.45,64,2026-04-20T16:34:48.600883+00:00
AMZN,185.91,347,2026-04-20T16:34:48.701798+00:00
AMZN,186.08,225,2026-04-20T16:34:48.802668+00:00
AAPL,179.36,171,2026-04-20T16:34:48.903059+00:00
AMZN,186.11,289,2026-04-20T16:34:49.003641+00:00
TSLA,171.27,62,2026-04-20T16:34:49.104924+00:00
AAPL,179.06,447,2026-04-20T16:34:49.206103+00:00
TSLA,171.58,374,2026-04-20T16:34:49.306525+00:00
TSLA,171.48,260,2026-04-20T16:34:49.407453+00:00
AAPL,179.28,326,2026-04-20T16:34:49.507804+00:00
MSFT,419.09,454,2026-04-20T16:34:49.608684+00:00
TSLA,171.51,251,2026-04-20T16:34:49.709557+00:00
MSFT,419.26,147,2026-04-20T16:34:49.810376+00:00
TSLA,171.62,353,2026-04-20T16:34:49.911336+00:00
TSLA,171.5,328,2026-04-20T16:34:50.012214+00:00
AAPL,178.93,415,2026-04-20T16:34:50.112573+00:00
GOOGL,140.92,289,2026-04-20T16:34:50.213515+00:00
TSLA,171.52,286,2026-04-20T16:34:50.314685+00:00
TSLA,171.49,198,2026-04-20T16:34:50.415692+00:00
GOOGL,140.58,405,2026-04-20T16:34:50.516801+00:00
TSLA,171.71,498,2026-04-20T16:34:50.617608+00:00
MSFT,418.8,190,2026-04-20T16:34:50.718059+00:00
TSLA,171.85,58,2026-04-20T16:34:50.819036+00:00
AAPL,178.49,248,2026-04-20T16:34:50.919440+00:00
AAPL,178.85,323,2026-04-20T16:34:51.019863+00:00
AAPL,178.67,486,2026-04-20T16:34:51.120249+00:00
GOOGL,140.95,240,2026-04-20T16:34:51.220983+00:00
AMZN,186.19,496,2026-04-20T16:34:51.322077+00:00
GOOGL,141.39,223,2026-04-20T16:34:51.422972+00:00
TSLA,171.45,123,2026-04-20T16:34:51.524117+00:00
MSFT,419.09,422,2026-04-20T16:34:51.625364+00:00
MSFT,419.34,91,2026-04-20T16:34:51.726031+00:00
TSLA,171.22,431,2026-04-20T16:34:51.827043+00:00
AAPL,178.72,216,2026-04-20T16:34:51.928344+00:00
GOOGL,140.91,15,2026-04-20T16:34:52.029157+00:00
AAPL,178.86,203,2026-04-20T16:34:52.130005+00:00
GOOGL,140.86,253,2026-04-20T16:34:52.230732+00:00
TSLA,171.4,275,2026-04-20T16:34:52.331566+00:00
TSLA,171.19,292,2026-04-20T16:34:52.432442+00:00
GOOGL,140.96,111,2026-04-20T16:34:52.533217+00:00
MSFT,419.72,461,2026-04-20T16:34:52.633636+00:00
MSFT,419.75,107,2026-04-20T16:34:52.734020+00:00
GOOGL,140.61,232,2026-04-20T16:34:52.835135+00:00
AAPL,179.2,222,2026-04-20T16:34:52.935971+00:00
TSLA,171.53,484,2026-04-20T16:34:53.036756+00:00
MSFT,419.63,121,2026-04-20T16:34:53.137679+00:00
AMZN,185.7,424,2026-04-20T16:34:53.238563+00:00
MSFT,419.65,155,2026-04-20T16:34:53.339080+00:00
MSFT,419.16,104,2026-04-20T16:34:53.439919+00:00
GOOGL,141.1,170,2026-04-20T16:34:53.540803+00:00
TSLA,171.91,217,2026-04-20T16:34:53.641504+00:00
TSLA,172.29,119,2026-04-20T16:34:53.740527+00:00
AAPL,178.82,285,2026-04-20T16:34:53.841138+00:00
GOOGL,141.51,218,2026-04-20T16:34:53.942526+00:00
MSFT,419.22,429,2026-04-20T16:34:54.043899+00:00
TSLA,172.71,307,2026-04-20T16:34:54.144561+00:00
AAPL,178.54,310,2026-04-20T16:34:54.245461+00:00
AAPL,178.77,370,2026-04-20T16:34:54.346267+00:00
AMZN,185.3,232,2026-04-20T16:34:54.447191+00:00
GOOGL,141.38,251,2026-04-20T16:34:54.547587+00:00
AMZN,185.04,127,2026-04-20T16:34:54.648528+00:00
TSLA,172.28,318,2026-04-20T16:34:54.748974+00:00
TSLA,172.54,454,2026-04-20T16:34:54.849426+00:00
MSFT,419.5,39,2026-04-20T16:34:54.950263+00:00
AMZN,184.65,377,2026-04-20T16:34:55.050947+00:00
AMZN,184.28,167,2026-04-20T16:34:55.151413+00:00
MSFT,419.99,174,2026-04-20T16:34:55.252220+00:00
GOOGL,141.84,397,2026-04-20T16:34:55.353335+00:00
GOOGL,141.91,135,2026-04-20T16:34:55.454533+00:00
TSLA,172.5,490,2026-04-20T16:34:55.555529+00:00
GOOGL,141.73,310,2026-04-20T16:34:55.656555+00:00
TSLA,172.27,325,2026-04-20T16:34:55.757688+00:00
GOOGL,141.65,445,2026-04-20T16:34:55.858547+00:00
AMZN,184.35,421,2026-04-20T16:34:55.959401+00:00
MSFT,419.56,407,2026-04-20T16:34:56.059939+00:00
