symbol,price,volume,timestamp
MSFT,414.58,211,2026-04-16T15:01:30.739653+00:00
GOOGL,139.94,327,2026-04-16T15:01:31.059954+00:00
GOOGL,139.78,97,2026-04-16T15:01:31.160974+00:00
TSLA,175.21,19,2026-04-16T15:01:31.261923+00:00
GOOGL,139.55,173,2026-04-16T15:01:31.362838+00:00
AAPL,181.59,400,2026-04-16T15:01:31.463851+00:00
TSLA,175.17,409,2026-04-16T15:01:31.564581+00:00
AMZN,185.25,186,2026-04-16T15:01:31.665508+00:00
AMZN,184.81,262,2026-04-16T15:01:31.766517+00:00
MSFT,414.76,111,2026-04-16T15:01:31.867680+00:00
MSFT,414.79,265,2026-04-16T15:01:31.968630+00:00
AAPL,181.94,145,2026-04-16T15:01:32.069489+00:00
MSFT,415.26,276,2026-04-16T15:01:32.170436+00:00
AMZN,184.99,407,2026-04-16T15:01:32.271585+00:00
GOOGL,139.44,342,2026-04-16T15:01:32.372474+00:00
AAPL,182.27,118,2026-04-16T15:01:32.473244+00:00
TSLA,175.63,185,2026-04-16T15:01:32.573990+00:00
GOOGL,139.34,223,2026-04-16T15:01:32.674553+00:00
MSFT,414.87,464,2026-04-16T15:01:32.775735+00:00
MSFT,414.58,65,2026-04-16T15:01:32.876929+00:00
MSFT,414.6,321,2026-04-16T15:01:32.977627+00:00
GOOGL,139.76,294,2026-04-16T15:01:33.078411+00:00
AMZN,184.82,204,2026-04-16T15:01:33.179241+00:00
AAPL,182.21,241,2026-04-16T15:01:33.280069+00:00
TSLA,176.03,25,2026-04-16T15:01:33.380951+00:00
MSFT,414.63,119,2026-04-16T15:01:33.481806+00:00
GOOGL,139.87,16,2026-04-16T15:01:33.582765+00:00
AAPL,181.98,327,2026-04-16T15:01:33.683884+00:00
AAPL,181.83,137,2026-04-16T15:01:33.784981+00:00
AMZN,184.73,429,2026-04-16T15:01:33.885881+00:00
MSFT,414.19,300,2026-04-16T15:01:33.986343+00:00
AAPL,181.69,167,2026-04-16T15:01:34.087166+00:00
AMZN,184.24,382,2026-04-16T15:01:34.188023+00:00
MSFT,414.39,424,2026-04-16T15:01:34.288708+00:00
MSFT,413.94,90,2026-04-16T15:01:34.389550+00:00
GOOGL,139.49,388,2026-04-16T15:01:34.490743+00:00
AAPL,181.59,196,2026-04-16T15:01:34.591556+00:00
MSFT,414.0,452,2026-04-16T15:01:34.692307+00:00
TSLA,175.78,438,2026-04-16T15:01:34.793045+00:00
AMZN,184.11,386,2026-04-16T15:01:34.893496+00:00
MSFT,414.28,458,2026-04-16T15:01:34.993990+00:00
AMZN,184.24,33,2026-04-16T15:01:35.095308+00:00
TSLA,175.61,471,2026-04-16T15:01:35.195994+00:00
TSLA,175.48,480,2026-04-16T15:01:35.296991+00:00
AMZN,184.73,182,2026-04-16T15:01:35.397887+00:00
AMZN,184.61,260,2026-04-16T15:01:35.498701+00:00
TSLA,175.04,151,2026-04-16T15:01:35.599565+00:00
AMZN,184.67,379,2026-04-16T15:01:35.700297+00:00
AMZN,184.64,404,2026-04-16T15:01:35.801213+00:00
GOOGL,139.45,261,2026-04-16T15:01:35.902189+00:00
AAPL,181.25,450,2026-04-16T15:01:36.002659+00:00
TSLA,175.16,268,2026-04-16T15:01:36.103470+00:00
GOOGL,139.27,323,2026-04-16T15:01:36.204174+00:00
AMZN,184.48,111,2026-04-16T15:01:36.304903+00:00
AAPL,181.61,418,2026-04-16T15:01:36.405610+00:00
MSFT,414.05,454,2026-04-16T15:01:36.506452+00:00
MSFT,414.02,61,2026-04-16T15:01:36.607348+00:00
TSLA,175.53,28,2026-04-16T15:01:36.708322+00:00
AAPL,181.67,280,2026-04-16T15:01:36.809242+00:00
AMZN,184.73,146,2026-04-16T15:01:36.910156+00:00
AMZN,184.24,315,2026-04-16T15:01:37.011063+00:00
AMZN,184.3,496,2026-04-16T15:01:37.111458+00:00
TSLA,175.49,147,2026-04-16T15:01:37.211885+00:00
AMZN,183.8,296,2026-04-16T15:01:37.312637+00:00
AMZN,183.85,458,2026-04-16T15:01:37.413473+00:00
AAPL,181.94,453,2026-04-16T15:01:37.514363+00:00
AAPL,182.22,334,2026-04-16T15:01:37.615206+00:00
AMZN,183.99,296,2026-04-16T15:01:37.715679+00:00
AMZN,184.12,109,2026-04-16T15:01:37.816539+00:00
MSFT,414.32,164,2026-04-16T15:01:37.916972+00:00
GOOGL,139.34,202,2026-04-16T15:01:38.017347+00:00
GOOGL,139.44,170,2026-04-16T15:01:38.118516+00:00
TSLA,175.41,229,2026-04-16T15:01:38.219375+00:00
GOOGL,139.4,317,2026-04-16T15:01:38.319796+00:00
TSLA,175.88,372,2026-04-16T15:01:38.420679+00:00
MSFT,413.93,364,2026-04-16T15:01:38.521560+00:00
AMZN,183.76,452,2026-04-16T15:01:38.622272+00:00
AAPL,182.72,365,2026-04-16T15:01:38.723020+00:00
AAPL,182.4,329,2026-04-16T15:01:38.823896+00:00
TSLA,176.0,395,2026-04-16T15:01:38.924347+00:00
AAPL,182.18,272,2026-04-16T15:01:39.025222+00:00
MSFT,414.04,236,2026-04-16T15:01:39.126096+00:00
GOOGL,139.87,222,2026-04-16T15:01:39.226952+00:00
GOOGL,140.19,192,2026-04-16T15:01:39.327990+00:00
TSLA,176.01,320,2026-04-16T15:01:39.428451+00:00
AAPL,182.04,356,2026-04-16T15:01:39.529406+00:00
AMZN,183.65,346,2026-04-16T15:01:39.630334+00:00
MSFT,413.88,470,2026-04-16T15:01:39.731165+00:00
GOOGL,140.06,111,2026-04-16T15:01:39.831987+00:00
TSLA,175.53,261,2026-04-16T15:01:39.932931+00:00
GOOGL,139.85,77,2026-04-16T15:01:40.033408+00:00
AMZN,183.93,316,2026-04-16T15:01:40.134331+00:00
TSLA,175.26,129,2026-04-16T15:01:40.235227+00:00
GOOGL,140.08,375,2026-04-16T15:01:40.335907+00:00
GOOGL,139.85,236,2026-04-16T15:01:40.436602+00:00
AMZN,183.65,14,2026-04-16T15:01:40.536964+00:00
GOOGL,139.77,28,2026-04-16T15:01:40.637609+00:00
AMZN,183.94,263,2026-04-16T15:01:40.738317+00:00
MSFT,413.58,419,2026-04-16T15:01:40.839174+00:00
GOOGL,139.86,154,2026-04-16T15:01:40.940038+00:00
AAPL,182.39,487,2026-04-16T15:01:41.040856+00:00
AAPL,182.46,61,2026-04-16T15:01:41.141693+00:00
AMZN,183.69,89,2026-04-16T15:01:41.242079+00:00
MSFT,413.71,224,2026-04-16T15:01:41.342807+00:00
AAPL,182.83,449,2026-04-16T15:01:41.443227+00:00
GOOGL,139.94,490,2026-04-16T15:01:41.544022+00:00
AMZN,183.87,313,2026-04-16T15:01:41.644906+00:00
GOOGL,139.92,427,2026-04-16T15:01:41.745905+00:00
MSFT,413.29,134,2026-04-16T15:01:41.846851+00:00
AAPL,182.93,146,2026-04-16T15:01:41.947764+00:00
TSLA,175.29,241,2026-04-16T15:01:42.048612+00:00
AAPL,183.31,134,2026-04-16T15:01:42.148290+00:00
GOOGL,139.92,179,2026-04-16T15:01:42.249274+00:00
TSLA,175.67,62,2026-04-16T15:01:42.350132+00:00
AMZN,184.27,495,2026-04-16T15:01:42.451011+00:00
GOOGL,139.79,229,2026-04-16T15:01:42.551786+00:00
AMZN,184.11,268,2026-04-16T15:01:42.652229+00:00
AMZN,183.75,411,2026-04-16T15:01:42.752709+00:00
TSLA,176.12,483,2026-04-16T15:01:42.853539+00:00
TSLA,175.71,154,2026-04-16T15:01:42.953909+00:00
MSFT,413.17,47,2026-04-16T15:01:43.054813+00:00
AMZN,183.3,233,2026-04-16T15:01:43.155813+00:00
AAPL,183.15,287,2026-04-16T15:01:43.256669+00:00
AMZN,183.15,121,2026-04-16T15:01:43.357761+00:00
TSLA,175.89,443,2026-04-16T15:01:43.458726+00:00
GOOGL,139.39,314,2026-04-16T15:01:43.559180+00:00
GOOGL,139.78,404,2026-04-16T15:01:43.660049+00:00
AMZN,183.32,376,2026-04-16T15:01:43.761037+00:00
AAPL,183.21,47,2026-04-16T15:01:43.861995+00:00
MSFT,413.56,165,2026-04-16T15:01:43.963041+00:00
AMZN,183.31,24,2026-04-16T15:01:44.064280+00:00
TSLA,176.11,249,2026-04-16T15:01:44.164832+00:00
TSLA,175.89,491,2026-04-16T15:01:44.266183+00:00
GOOGL,139.32,389,2026-04-16T15:01:44.367253+00:00
TSLA,176.27,80,2026-04-16T15:01:44.467971+00:00
AMZN,182.86,55,2026-04-16T15:01:44.568946+00:00
TSLA,176.03,264,2026-04-16T15:01:44.669532+00:00
TSLA,175.58,251,2026-04-16T15:01:44.770634+00:00
MSFT,413.52,219,2026-04-16T15:01:44.871450+00:00
GOOGL,139.02,371,2026-04-16T15:01:44.972117+00:00
AMZN,182.94,159,2026-04-16T15:01:45.073033+00:00
MSFT,413.1,14,2026-04-16T15:01:45.173885+00:00
TSLA,175.51,393,2026-04-16T15:01:45.274661+00:00
TSLA,175.21,261,2026-04-16T15:01:45.375362+00:00
AMZN,182.45,51,2026-04-16T15:01:45.476060+00:00
MSFT,413.31,32,2026-04-16T15:01:45.576960+00:00
GOOGL,139.05,393,2026-04-16T15:01:45.677957+00:00
MSFT,413.42,261,2026-04-16T15:01:45.778858+00:00
AAPL,183.37,135,2026-04-16T15:01:45.879595+00:00
AMZN,182.57,393,2026-04-16T15:01:45.980430+00:00
MSFT,412.99,456,2026-04-16T15:01:46.081482+00:00
TSLA,175.35,340,2026-04-16T15:01:46.182425+00:00
MSFT,413.18,72,2026-04-16T15:01:46.283174+00:00
AAPL,183.41,379,2026-04-16T15:01:46.384069+00:00
MSFT,413.53,489,2026-04-16T15:01:46.484989+00:00
AMZN,182.37,467,2026-04-16T15:01:46.586546+00:00
AMZN,182.61,66,2026-04-16T15:01:46.687416+00:00
AMZN,182.24,233,2026-04-16T15:01:46.788571+00:00
AAPL,183.83,476,2026-04-16T15:01:46.889847+00:00
AAPL,183.7,53,2026-04-16T15:01:46.991108+00:00
TSLA,175.39,273,2026-04-16T15:01:47.092028+00:00
AAPL,183.88,129,2026-04-16T15:01:47.192687+00:00
MSFT,413.06,185,2026-04-16T15:01:47.293514+00:00
TSLA,175.01,486,2026-04-16T15:01:47.394390+00:00
AAPL,184.36,368,2026-04-16T15:01:47.495520+00:00
AMZN,182.57,361,2026-04-16T15:01:47.595972+00:00
TSLA,175.2,260,2026-04-16T15:01:47.696864+00:00
TSLA,175.44,352,2026-04-16T15:01:47.797646+00:00
TSLA,175.75,286,2026-04-16T15:01:47.898530+00:00
TSLA,175.88,16,2026-04-16T15:01:48.000366+00:00
MSFT,413.04,79,2026-04-16T15:01:48.101222+00:00
GOOGL,138.8,441,2026-04-16T15:01:48.202224+00:00
AMZN,182.6,85,2026-04-16T15:01:48.303487+00:00
MSFT,412.57,446,2026-04-16T15:01:48.404524+00:00
MSFT,412.78,188,2026-04-16T15:01:48.506143+00:00
AMZN,182.87,223,2026-04-16T15:01:48.606996+00:00
MSFT,412.96,25,2026-04-16T15:01:48.707658+00:00
AAPL,184.3,368,2026-04-16T15:01:48.808380+00:00
MSFT,413.21,108,2026-04-16T15:01:48.909250+00:00
AMZN,183.01,302,2026-04-16T15:01:49.009939+00:00
GOOGL,138.34,96,2026-04-16T15:01:49.110739+00:00
AAPL,183.91,90,2026-04-16T15:01:49.211658+00:00
TSLA,175.55,43,2026-04-16T15:01:49.312676+00:00
GOOGL,138.69,449,2026-04-16T15:01:49.413830+00:00
AMZN,183.41,391,2026-04-16T15:01:49.514690+00:00
AAPL,183.97,19,2026-04-16T15:01:49.615575+00:00
GOOGL,138.21,43,2026-04-16T15:01:49.716497+00:00
AAPL,183.94,28,2026-04-16T15:01:49.817434+00:00
GOOGL,138.25,253,2026-04-16T15:01:49.918321+00:00
GOOGL,138.69,460,2026-04-16T15:01:50.019149+00:00
AAPL,183.57,170,2026-04-16T15:01:50.120059+00:00
GOOGL,138.22,100,2026-04-16T15:01:50.220767+00:00
GOOGL,138.19,220,2026-04-16T15:01:50.321706+00:00
TSLA,175.56,428,2026-04-16T15:01:50.422939+00:00
AAPL,183.8,472,2026-04-16T15:01:50.523787+00:00
TSLA,175.14,146,2026-04-16T15:01:50.624300+00:00
AAPL,183.99,37,2026-04-16T15:01:50.725295+00:00
AMZN,183.88,422,2026-04-16T15:01:50.826219+00:00
MSFT,413.56,337,2026-04-16T15:01:50.927167+00:00
AMZN,184.3,109,2026-04-16T15:01:51.027979+00:00
AAPL,184.43,72,2026-04-16T15:01:51.128804+00:00
TSLA,174.66,256,2026-04-16T15:01:51.229530+00:00
TSLA,174.5,225,2026-04-16T15:01:51.330685+00:00
AAPL,184.54,204,2026-04-16T15:01:51.431089+00:00
GOOGL,138.51,420,2026-04-16T15:01:51.531992+00:00
TSLA,174.13,22,2026-04-16T15:01:51.632743+00:00
TSLA,174.39,407,2026-04-16T15:01:51.733623+00:00
MSFT,413.22,328,2026-04-16T15:01:51.834458+00:00
TSLA,174.87,466,2026-04-16T15:01:51.935179+00:00
AAPL,185.04,38,2026-04-16T15:01:52.035891+00:00
MSFT,413.41,103,2026-04-16T15:01:52.136800+00:00
TSLA,174.66,181,2026-04-16T15:01:52.237645+00:00
GOOGL,138.22,155,2026-04-16T15:01:52.338458+00:00
AAPL,184.62,467,2026-04-16T15:01:52.439318+00:00
TSLA,174.24,295,2026-04-16T15:01:52.540038+00:00
AMZN,184.33,418,2026-04-16T15:01:52.641022+00:00
AAPL,184.9,475,2026-04-16T15:01:52.741906+00:00
MSFT,413.39,257,2026-04-16T15:01:52.842713+00:00
MSFT,413.19,369,2026-04-16T15:01:52.943496+00:00
AAPL,184.41,171,2026-04-16T15:01:53.044415+00:00
AMZN,184.77,478,2026-04-16T15:01:53.145276+00:00
GOOGL,138.12,206,2026-04-16T15:01:53.246191+00:00
AAPL,184.9,346,2026-04-16T15:01:53.346919+00:00
GOOGL,138.01,424,2026-04-16T15:01:53.447729+00:00
AAPL,184.58,74,2026-04-16T15:01:53.548229+00:00
AMZN,184.48,321,2026-04-16T15:01:53.648982+00:00
AAPL,184.44,340,2026-04-16T15:01:53.749874+00:00
GOOGL,138.03,392,2026-04-16T15:01:53.850771+00:00
GOOGL,138.53,93,2026-04-16T15:01:53.951649+00:00
TSLA,174.24,429,2026-04-16T15:01:54.052493+00:00
TSLA,174.48,140,2026-04-16T15:01:54.153441+00:00
TSLA,174.17,160,2026-04-16T15:01:54.254123+00:00
AMZN,184.45,144,2026-04-16T15:01:54.355063+00:00
AAPL,184.06,254,2026-04-16T15:01:54.455832+00:00
TSLA,174.45,276,2026-04-16T15:01:54.556653+00:00
AAPL,183.89,492,2026-04-16T15:01:54.657535+00:00
TSLA,174.2,493,2026-04-16T15:01:54.758467+00:00
MSFT,413.16,395,2026-04-16T15:01:54.859774+00:00
GOOGL,138.6,312,2026-04-16T15:01:54.960950+00:00
MSFT,413.49,468,2026-04-16T15:01:55.061854+00:00
AMZN,184.02,326,2026-04-16T15:01:55.162782+00:00
MSFT,413.93,337,2026-04-16T15:01:55.263825+00:00
MSFT,414.34,416,2026-04-16T15:01:55.364647+00:00
GOOGL,138.26,126,2026-04-16T15:01:55.465578+00:00
GOOGL,138.53,367,2026-04-16T15:01:55.566039+00:00
MSFT,414.07,32,2026-04-16T15:01:55.666965+00:00
TSLA,174.54,111,2026-04-16T15:01:55.767842+00:00
MSFT,414.42,123,2026-04-16T15:01:55.868550+00:00
GOOGL,138.38,338,2026-04-16T15:01:55.969463+00:00
AMZN,184.48,132,2026-04-16T15:01:56.070244+00:00
TSLA,174.95,297,2026-04-16T15:01:56.171127+00:00
AAPL,183.97,394,2026-04-16T15:01:56.271975+00:00
AAPL,184.08,53,2026-04-16T15:01:56.373093+00:00
GOOGL,138.0,129,2026-04-16T15:01:56.474099+00:00
TSLA,174.5,56,2026-04-16T15:01:56.575018+00:00
GOOGL,137.97,210,2026-04-16T15:01:56.676020+00:00
MSFT,414.75,58,2026-04-16T15:01:56.776984+00:00
MSFT,414.99,452,2026-04-16T15:01:56.877926+00:00
TSLA,174.91,420,2026-04-16T15:01:56.978925+00:00
TSLA,174.94,368,2026-04-16T15:01:57.079774+00:00
MSFT,414.84,49,2026-04-16T15:01:57.180583+00:00
MSFT,415.25,272,2026-04-16T15:01:57.281427+00:00
AAPL,183.86,51,2026-04-16T15:01:57.382243+00:00
TSLA,175.23,440,2026-04-16T15:01:57.483070+00:00
AAPL,183.77,71,2026-04-16T15:01:57.583826+00:00
AMZN,184.71,80,2026-04-16T15:01:57.684259+00:00
MSFT,415.58,106,2026-04-16T15:01:57.785163+00:00
AAPL,183.39,413,2026-04-16T15:01:57.885882+00:00
MSFT,415.29,411,2026-04-16T15:01:57.986769+00:00
AMZN,184.41,473,2026-04-16T15:01:58.087650+00:00
TSLA,175.25,280,2026-04-16T15:01:58.188572+00:00
AAPL,183.11,189,2026-04-16T15:01:58.289541+00:00
AAPL,183.03,87,2026-04-16T15:01:58.390409+00:00
GOOGL,138.23,493,2026-04-16T15:01:58.491342+00:00
AMZN,183.97,178,2026-04-16T15:01:58.592450+00:00
TSLA,175.1,306,2026-04-16T15:01:58.693200+00:00
MSFT,414.91,299,2026-04-16T15:01:58.793621+00:00
AAPL,183.15,384,2026-04-16T15:01:58.894317+00:00
GOOGL,138.3,83,2026-04-16T15:01:58.995235+00:00
MSFT,414.69,444,2026-04-16T15:01:59.096110+00:00
GOOGL,138.3,173,2026-04-16T15:01:59.197117+00:00
AMZN,184.05,223,2026-04-16T15:01:59.297892+00:00
AMZN,184.01,491,2026-04-16T15:01:59.398620+00:00
AAPL,182.92,370,2026-04-16T15:01:59.499530+00:00
AAPL,183.41,210,2026-04-16T15:01:59.600446+00:00
TSLA,175.36,296,2026-04-16T15:01:59.700929+00:00
MSFT,415.15,440,2026-04-16T15:01:59.801352+00:00
GOOGL,137.99,163,2026-04-16T15:01:59.902320+00:00
AMZN,184.07,274,2026-04-16T15:02:00.003062+00:00
TSLA,175.24,87,2026-04-16T15:02:00.104023+00:00
TSLA,174.74,110,2026-04-16T15:02:00.204933+00:00
MSFT,415.6,250,2026-04-16T15:02:00.305671+00:00
AMZN,184.44,84,2026-04-16T15:02:00.406057+00:00
AMZN,184.62,340,2026-04-16T15:02:00.506905+00:00
MSFT,415.15,31,2026-04-16T15:02:00.607237+00:00
AAPL,183.13,244,2026-04-16T15:02:00.708177+00:00
AAPL,183.43,353,2026-04-16T15:02:00.809439+00:00
AAPL,183.69,181,2026-04-16T15:02:00.910336+00:00
AAPL,183.35,363,2026-04-16T15:02:01.011107+00:00
TSLA,175.21,305,2026-04-16T15:02:01.111919+00:00
AMZN,184.36,67,2026-04-16T15:02:01.212674+00:00
GOOGL,138.32,239,2026-04-16T15:02:01.313389+00:00
GOOGL,138.44,60,2026-04-16T15:02:01.414334+00:00
MSFT,414.68,141,2026-04-16T15:02:01.515126+00:00
GOOGL,138.07,492,2026-04-16T15:02:01.616079+00:00
MSFT,414.89,86,2026-04-16T15:02:01.717169+00:00
GOOGL,138.26,156,2026-04-16T15:02:01.818213+00:00
TSLA,175.08,18,2026-04-16T15:02:01.919112+00:00
TSLA,175.01,55,2026-04-16T15:02:02.019995+00:00
MSFT,414.87,95,2026-04-16T15:02:02.120942+00:00
GOOGL,138.06,489,2026-04-16T15:02:02.221359+00:00
MSFT,414.43,341,2026-04-16T15:02:02.322309+00:00
TSLA,175.21,72,2026-04-16T15:02:02.422768+00:00
AAPL,183.59,69,2026-04-16T15:02:02.523573+00:00
TSLA,175.26,463,2026-04-16T15:02:02.624368+00:00
AMZN,184.54,81,2026-04-16T15:02:02.724771+00:00
AAPL,183.69,165,2026-04-16T15:02:02.825610+00:00
MSFT,414.05,186,2026-04-16T15:02:02.926419+00:00
TSLA,174.98,26,2026-04-16T15:02:03.027214+00:00
AAPL,184.02,327,2026-04-16T15:02:03.128134+00:00
AMZN,184.48,76,2026-04-16T15:02:03.229045+00:00
TSLA,175.44,231,2026-04-16T15:02:03.329894+00:00
AMZN,184.92,130,2026-04-16T15:02:03.430830+00:00
GOOGL,138.01,462,2026-04-16T15:02:03.531888+00:00
AAPL,183.7,47,2026-04-16T15:02:03.632747+00:00
AAPL,183.35,204,2026-04-16T15:02:03.733671+00:00
MSFT,413.59,92,2026-04-16T15:02:03.834126+00:00
MSFT,413.66,77,2026-04-16T15:02:03.935023+00:00
GOOGL,138.22,365,2026-04-16T15:02:04.035769+00:00
GOOGL,138.37,304,2026-04-16T15:02:04.136697+00:00
TSLA,175.13,16,2026-04-16T15:02:04.237177+00:00
AMZN,185.27,129,2026-04-16T15:02:04.337712+00:00
TSLA,174.81,337,2026-04-16T15:02:04.438660+00:00
AMZN,185.46,180,2026-04-16T15:02:04.539521+00:00
TSLA,174.4,13,2026-04-16T15:02:04.640321+00:00
GOOGL,138.15,363,2026-04-16T15:02:04.741399+00:00
AAPL,183.47,279,2026-04-16T15:02:04.842362+00:00
MSFT,413.19,244,2026-04-16T15:02:04.943247+00:00
GOOGL,138.45,42,2026-04-16T15:02:05.044022+00:00
TSLA,174.35,343,2026-04-16T15:02:05.144995+00:00
AAPL,183.95,401,2026-04-16T15:02:05.245694+00:00
AMZN,185.01,283,2026-04-16T15:02:05.346486+00:00
AAPL,184.06,126,2026-04-16T15:02:05.447333+00:00
TSLA,174.56,376,2026-04-16T15:02:05.548206+00:00
GOOGL,138.17,308,2026-04-16T15:02:05.649215+00:00
AMZN,184.66,294,2026-04-16T15:02:05.749753+00:00
AMZN,184.64,361,2026-04-16T15:02:05.850623+00:00
AMZN,184.52,361,2026-04-16T15:02:05.951467+00:00
AAPL,184.18,279,2026-04-16T15:02:06.052460+00:00
GOOGL,138.29,421,2026-04-16T15:02:06.153434+00:00
MSFT,412.85,113,2026-04-16T15:02:06.254340+00:00
AAPL,183.78,426,2026-04-16T15:02:06.355567+00:00
AMZN,184.75,218,2026-04-16T15:02:06.456544+00:00
TSLA,174.68,303,2026-04-16T15:02:06.557424+00:00
AMZN,184.43,425,2026-04-16T15:02:06.657888+00:00
AMZN,184.63,33,2026-04-16T15:02:06.758716+00:00
AMZN,184.47,213,2026-04-16T15:02:06.859696+00:00
AAPL,183.98,471,2026-04-16T15:02:06.960565+00:00
TSLA,174.79,149,2026-04-16T15:02:07.061841+00:00
MSFT,412.77,256,2026-04-16T15:02:07.162801+00:00
MSFT,413.22,218,2026-04-16T15:02:07.263728+00:00
AMZN,184.27,65,2026-04-16T15:02:07.364484+00:00
GOOGL,138.07,482,2026-04-16T15:02:07.465405+00:00
TSLA,174.92,72,2026-04-16T15:02:07.566304+00:00
MSFT,413.6,103,2026-04-16T15:02:07.667085+00:00
MSFT,413.6,295,2026-04-16T15:02:07.767525+00:00
MSFT,413.16,57,2026-04-16T15:02:07.868362+00:00
TSLA,174.46,179,2026-04-16T15:02:07.969334+00:00
TSLA,174.44,392,2026-04-16T15:02:08.070233+00:00
AMZN,184.53,135,2026-04-16T15:02:08.170596+00:00
MSFT,412.87,194,2026-04-16T15:02:08.271398+00:00
AAPL,184.34,326,2026-04-16T15:02:08.371916+00:00
AMZN,184.22,340,2026-04-16T15:02:08.472819+00:00
AAPL,183.9,473,2026-04-16T15:02:08.573708+00:00
TSLA,174.34,97,2026-04-16T15:02:08.674556+00:00
AMZN,184.34,346,2026-04-16T15:02:08.775361+00:00
GOOGL,138.31,419,2026-04-16T15:02:08.875717+00:00
AMZN,184.52,458,2026-04-16T15:02:08.976697+00:00
MSFT,412.71,263,2026-04-16T15:02:09.077580+00:00
GOOGL,138.28,413,2026-04-16T15:02:09.178580+00:00
MSFT,412.86,494,2026-04-16T15:02:09.278994+00:00
MSFT,412.67,456,2026-04-16T15:02:09.379843+00:00
TSLA,174.8,64,2026-04-16T15:02:09.480764+00:00
MSFT,412.64,212,2026-04-16T15:02:09.581635+00:00
MSFT,412.17,448,2026-04-16T15:02:09.682354+00:00
GOOGL,138.75,210,2026-04-16T15:02:09.783046+00:00
MSFT,412.11,471,2026-04-16T15:02:09.883897+00:00
AMZN,184.6,450,2026-04-16T15:02:09.984343+00:00
AMZN,184.43,427,2026-04-16T15:02:10.085187+00:00
MSFT,411.69,437,2026-04-16T15:02:10.186007+00:00
MSFT,412.04,480,2026-04-16T15:02:10.286770+00:00
AMZN,184.73,225,2026-04-16T15:02:10.387672+00:00
MSFT,411.88,221,2026-04-16T15:02:10.488538+00:00
TSLA,174.86,409,2026-04-16T15:02:10.589431+00:00
AAPL,183.47,89,2026-04-16T15:02:10.689839+00:00
MSFT,412.1,46,2026-04-16T15:02:10.790458+00:00
AMZN,184.45,80,2026-04-16T15:02:10.891330+00:00
TSLA,174.78,337,2026-04-16T15:02:10.992150+00:00
MSFT,412.25,374,2026-04-16T15:02:11.092573+00:00
TSLA,175.22,216,2026-04-16T15:02:11.193405+00:00
GOOGL,138.57,448,2026-04-16T15:02:11.294641+00:00
MSFT,412.55,15,2026-04-16T15:02:11.395515+00:00
AMZN,184.2,68,2026-04-16T15:02:11.496341+00:00
TSLA,175.53,182,2026-04-16T15:02:11.597187+00:00
TSLA,175.5,378,2026-04-16T15:02:11.698027+00:00
AMZN,184.02,248,2026-04-16T15:02:11.798744+00:00
AAPL,183.61,55,2026-04-16T15:02:11.899674+00:00
AMZN,184.23,413,2026-04-16T15:02:12.000176+00:00
MSFT,412.88,52,2026-04-16T15:02:12.101129+00:00
AAPL,183.6,144,2026-04-16T15:02:12.200451+00:00
AAPL,183.83,213,2026-04-16T15:02:12.301407+00:00
TSLA,175.68,169,2026-04-16T15:02:12.402345+00:00
TSLA,176.14,49,2026-04-16T15:02:12.503373+00:00
MSFT,413.21,343,2026-04-16T15:02:12.604264+00:00
GOOGL,138.73,114,2026-04-16T15:02:12.704700+00:00
MSFT,413.42,337,2026-04-16T15:02:12.805132+00:00
MSFT,413.59,304,2026-04-16T15:02:12.906062+00:00
TSLA,175.73,156,2026-04-16T15:02:13.007133+00:00
AMZN,184.18,23,2026-04-16T15:02:13.107981+00:00
GOOGL,138.97,385,2026-04-16T15:02:13.208796+00:00
MSFT,413.2,292,2026-04-16T15:02:13.309608+00:00
MSFT,412.92,395,2026-04-16T15:02:13.410022+00:00
AMZN,184.42,306,2026-04-16T15:02:13.510844+00:00
MSFT,412.97,191,2026-04-16T15:02:13.611742+00:00
AMZN,184.57,21,2026-04-16T15:02:13.712172+00:00
MSFT,413.15,69,2026-04-16T15:02:13.812969+00:00
AMZN,184.97,12,2026-04-16T15:02:13.913416+00:00
AMZN,184.91,31,2026-04-16T15:02:14.013844+00:00
AMZN,184.85,194,2026-04-16T15:02:14.114256+00:00
AMZN,185.09,237,2026-04-16T15:02:14.215108+00:00
AMZN,184.89,259,2026-04-16T15:02:14.315868+00:00
AMZN,185.04,42,2026-04-16T15:02:14.416732+00:00
MSFT,413.23,213,2026-04-16T15:02:14.517355+00:00
AAPL,184.24,459,2026-04-16T15:02:14.618148+00:00
AAPL,183.89,391,2026-04-16T15:02:14.719044+00:00
GOOGL,138.61,108,2026-04-16T15:02:14.819725+00:00
TSLA,175.27,383,2026-04-16T15:02:14.920076+00:00
AMZN,185.46,173,2026-04-16T15:02:15.020888+00:00
GOOGL,138.72,476,2026-04-16T15:02:15.121676+00:00
GOOGL,138.32,303,2026-04-16T15:02:15.222123+00:00
TSLA,175.24,436,2026-04-16T15:02:15.323038+00:00
GOOGL,138.55,136,2026-04-16T15:02:15.423929+00:00
MSFT,412.79,216,2026-04-16T15:02:15.525030+00:00
AMZN,185.94,370,2026-04-16T15:02:15.625997+00:00
TSLA,174.81,467,2026-04-16T15:02:15.727035+00:00
GOOGL,138.37,158,2026-04-16T15:02:15.827482+00:00
MSFT,412.64,467,2026-04-16T15:02:15.928376+00:00
GOOGL,138.19,352,2026-04-16T15:02:16.029640+00:00
GOOGL,138.4,475,2026-04-16T15:02:16.130580+00:00
GOOGL,138.0,161,2026-04-16T15:02:16.231588+00:00
AMZN,186.14,218,2026-04-16T15:02:16.332517+00:00
AMZN,185.88,470,2026-04-16T15:02:16.433548+00:00
AMZN,185.79,493,2026-04-16T15:02:16.534443+00:00
MSFT,412.16,78,2026-04-16T15:02:16.635453+00:00
MSFT,411.81,33,2026-04-16T15:02:16.736344+00:00
TSLA,175.08,75,2026-04-16T15:02:16.836826+00:00
AAPL,183.84,14,2026-04-16T15:02:16.937530+00:00
MSFT,411.9,430,2026-04-16T15:02:17.038454+00:00
TSLA,175.25,309,2026-04-16T15:02:17.139098+00:00
MSFT,411.89,304,2026-04-16T15:02:17.239972+00:00
MSFT,411.61,381,2026-04-16T15:02:17.340839+00:00
TSLA,175.58,409,2026-04-16T15:02:17.441682+00:00
AAPL,183.93,281,2026-04-16T15:02:17.542533+00:00
AMZN,186.24,478,2026-04-16T15:02:17.643481+00:00
AAPL,184.37,382,2026-04-16T15:02:17.744407+00:00
MSFT,411.91,408,2026-04-16T15:02:17.845354+00:00
AAPL,184.41,237,2026-04-16T15:02:17.946290+00:00
AAPL,184.7,54,2026-04-16T15:02:18.046630+00:00
MSFT,411.66,322,2026-04-16T15:02:18.147519+00:00
AAPL,185.16,205,2026-04-16T15:02:18.248264+00:00
MSFT,411.51,36,2026-04-16T15:02:18.349296+00:00
AAPL,184.73,150,2026-04-16T15:02:18.450178+00:00
AMZN,186.24,93,2026-04-16T15:02:18.551042+00:00
TSLA,175.75,207,2026-04-16T15:02:18.651833+00:00
MSFT,411.38,17,2026-04-16T15:02:18.752649+00:00
GOOGL,137.68,239,2026-04-16T15:02:18.853531+00:00
AAPL,184.35,133,2026-04-16T15:02:18.954359+00:00
AAPL,184.77,95,2026-04-16T15:02:19.055184+00:00
MSFT,410.93,52,2026-04-16T15:02:19.155968+00:00
AAPL,184.96,391,2026-04-16T15:02:19.256824+00:00
TSLA,175.8,300,2026-04-16T15:02:19.357612+00:00
AMZN,186.66,329,2026-04-16T15:02:19.458306+00:00
GOOGL,137.66,71,2026-04-16T15:02:19.559154+00:00
TSLA,175.63,235,2026-04-16T15:02:19.660089+00:00
MSFT,410.84,97,2026-04-16T15:02:19.760912+00:00
MSFT,410.72,197,2026-04-16T15:02:19.861384+00:00
AAPL,184.49,474,2026-04-16T15:02:19.962286+00:00
GOOGL,137.63,114,2026-04-16T15:02:20.063035+00:00
TSLA,175.91,248,2026-04-16T15:02:20.163897+00:00
TSLA,175.56,401,2026-04-16T15:02:20.264791+00:00
GOOGL,138.12,436,2026-04-16T15:02:20.365676+00:00
GOOGL,137.9,202,2026-04-16T15:02:20.466554+00:00
AAPL,184.12,55,2026-04-16T15:02:20.567464+00:00
AAPL,184.4,86,2026-04-16T15:02:20.668298+00:00
TSLA,175.49,131,2026-04-16T15:02:20.769193+00:00
GOOGL,137.77,450,2026-04-16T15:02:20.869686+00:00
GOOGL,137.69,162,2026-04-16T15:02:20.970433+00:00
AMZN,186.27,367,2026-04-16T15:02:21.070849+00:00
MSFT,411.08,159,2026-04-16T15:02:21.171718+00:00
TSLA,175.51,175,2026-04-16T15:02:21.272315+00:00
GOOGL,137.64,269,2026-04-16T15:02:21.373145+00:00
AAPL,183.93,300,2026-04-16T15:02:21.473578+00:00
AAPL,184.38,470,2026-04-16T15:02:21.574459+00:00
TSLA,175.07,373,2026-04-16T15:02:21.675330+00:00
GOOGL,138.01,200,2026-04-16T15:02:21.775762+00:00
AAPL,184.68,147,2026-04-16T15:02:21.876629+00:00
AAPL,185.09,466,2026-04-16T15:02:21.977637+00:00
MSFT,411.53,448,2026-04-16T15:02:22.078556+00:00
GOOGL,137.7,105,2026-04-16T15:02:22.179398+00:00
MSFT,411.36,355,2026-04-16T15:02:22.279775+00:00
MSFT,410.99,205,2026-04-16T15:02:22.380604+00:00
MSFT,411.35,282,2026-04-16T15:02:22.481070+00:00
TSLA,174.63,370,2026-04-16T15:02:22.581537+00:00
TSLA,174.44,78,2026-04-16T15:02:22.682447+00:00
AAPL,185.1,248,2026-04-16T15:02:22.783331+00:00
TSLA,174.05,344,2026-04-16T15:02:22.884355+00:00
MSFT,411.35,107,2026-04-16T15:02:22.985417+00:00
AAPL,185.49,71,2026-04-16T15:02:23.086272+00:00
MSFT,411.05,419,2026-04-16T15:02:23.187182+00:00
AMZN,186.12,157,2026-04-16T15:02:23.288038+00:00
AAPL,185.49,41,2026-04-16T15:02:23.388905+00:00
TSLA,174.24,145,2026-04-16T15:02:23.489832+00:00
TSLA,174.6,459,2026-04-16T15:02:23.590655+00:00
MSFT,411.27,34,2026-04-16T15:02:23.691148+00:00
TSLA,174.11,490,2026-04-16T15:02:23.792006+00:00
AMZN,186.54,333,2026-04-16T15:02:23.892845+00:00
MSFT,411.18,315,2026-04-16T15:02:23.993612+00:00
AMZN,186.12,81,2026-04-16T15:02:24.094042+00:00
GOOGL,137.86,430,2026-04-16T15:02:24.194837+00:00
GOOGL,137.87,160,2026-04-16T15:02:24.295815+00:00
AAPL,185.76,108,2026-04-16T15:02:24.396886+00:00
TSLA,174.02,91,2026-04-16T15:02:24.497863+00:00
TSLA,174.23,126,2026-04-16T15:02:24.598664+00:00
AAPL,186.05,321,2026-04-16T15:02:24.699599+00:00
GOOGL,138.36,180,2026-04-16T15:02:24.800546+00:00
TSLA,173.99,350,2026-04-16T15:02:24.901552+00:00
AAPL,185.95,175,2026-04-16T15:02:25.002482+00:00
MSFT,411.01,15,2026-04-16T15:02:25.103098+00:00
TSLA,173.8,93,2026-04-16T15:02:25.204214+00:00
TSLA,173.74,317,2026-04-16T15:02:25.305244+00:00
TSLA,173.79,315,2026-04-16T15:02:25.406135+00:00
TSLA,173.35,311,2026-04-16T15:02:25.506963+00:00
MSFT,410.76,494,2026-04-16T15:02:25.607785+00:00
TSLA,172.85,147,2026-04-16T15:02:25.708449+00:00
TSLA,172.89,20,2026-04-16T15:02:25.808906+00:00
GOOGL,138.37,221,2026-04-16T15:02:25.909763+00:00
MSFT,410.37,90,2026-04-16T15:02:26.010458+00:00
AAPL,185.59,157,2026-04-16T15:02:26.111403+00:00
MSFT,410.77,300,2026-04-16T15:02:26.212507+00:00
MSFT,410.35,359,2026-04-16T15:02:26.313561+00:00
GOOGL,137.96,345,2026-04-16T15:02:26.414456+00:00
GOOGL,138.34,285,2026-04-16T15:02:26.515428+00:00
MSFT,410.35,212,2026-04-16T15:02:26.616331+00:00
AAPL,185.68,178,2026-04-16T15:02:26.717303+00:00
TSLA,173.07,309,2026-04-16T15:02:26.818043+00:00
AAPL,185.58,413,2026-04-16T15:02:26.919351+00:00
AMZN,186.04,295,2026-04-16T15:02:27.019952+00:00
AMZN,185.71,58,2026-04-16T15:02:27.120637+00:00
GOOGL,138.16,377,2026-04-16T15:02:27.221880+00:00
MSFT,410.4,497,2026-04-16T15:02:27.322662+00:00
GOOGL,137.76,97,2026-04-16T15:02:27.423384+00:00
AAPL,185.72,347,2026-04-16T15:02:27.524355+00:00
AMZN,185.93,200,2026-04-16T15:02:27.625276+00:00
TSLA,173.28,434,2026-04-16T15:02:27.726196+00:00
AMZN,185.5,232,2026-04-16T15:02:27.827099+00:00
AAPL,185.8,242,2026-04-16T15:02:27.928312+00:00
AMZN,185.06,405,2026-04-16T15:02:28.029195+00:00
GOOGL,137.64,411,2026-04-16T15:02:28.130011+00:00
GOOGL,137.28,480,2026-04-16T15:02:28.230535+00:00
TSLA,173.43,431,2026-04-16T15:02:28.331344+00:00
TSLA,173.04,11,2026-04-16T15:02:28.432188+00:00
AMZN,185.34,178,2026-04-16T15:02:28.533285+00:00
AMZN,184.98,457,2026-04-16T15:02:28.634162+00:00
GOOGL,136.78,282,2026-04-16T15:02:28.735073+00:00
AAPL,185.76,158,2026-04-16T15:02:28.835490+00:00
GOOGL,136.77,376,2026-04-16T15:02:28.935975+00:00
GOOGL,136.64,412,2026-04-16T15:02:29.036848+00:00
TSLA,173.54,57,2026-04-16T15:02:29.137698+00:00
MSFT,410.29,488,2026-04-16T15:02:29.238174+00:00
AMZN,185.35,241,2026-04-16T15:02:29.339079+00:00
GOOGL,136.33,401,2026-04-16T15:02:29.440064+00:00
AAPL,186.1,58,2026-04-16T15:02:29.541071+00:00
AMZN,184.93,463,2026-04-16T15:02:29.642001+00:00
MSFT,410.45,453,2026-04-16T15:02:29.742926+00:00
MSFT,410.24,319,2026-04-16T15:02:29.843870+00:00
GOOGL,136.37,388,2026-04-16T15:02:29.944313+00:00
GOOGL,136.41,336,2026-04-16T15:02:30.045055+00:00
MSFT,410.15,36,2026-04-16T15:02:30.146200+00:00
AMZN,184.88,127,2026-04-16T15:02:30.246635+00:00
MSFT,409.8,434,2026-04-16T15:02:30.347190+00:00
MSFT,410.19,150,2026-04-16T15:02:30.447551+00:00
MSFT,409.9,343,2026-04-16T15:02:30.548268+00:00
AAPL,186.02,62,2026-04-16T15:02:30.648623+00:00
GOOGL,136.33,264,2026-04-16T15:02:30.749490+00:00
GOOGL,136.67,447,2026-04-16T15:02:30.850300+00:00
AMZN,185.11,379,2026-04-16T15:02:30.951174+00:00
MSFT,409.54,187,2026-04-16T15:02:31.051863+00:00
GOOGL,136.73,158,2026-04-16T15:02:31.152787+00:00
AMZN,184.94,23,2026-04-16T15:02:31.253800+00:00
TSLA,173.08,203,2026-04-16T15:02:31.354568+00:00
AAPL,186.1,335,2026-04-16T15:02:31.455456+00:00
AAPL,185.68,37,2026-04-16T15:02:31.556280+00:00
GOOGL,136.61,165,2026-04-16T15:02:31.657122+00:00
AAPL,185.68,131,2026-04-16T15:02:31.758049+00:00
AAPL,185.27,386,2026-04-16T15:02:31.858951+00:00
GOOGL,136.65,364,2026-04-16T15:02:31.959860+00:00
AMZN,184.56,26,2026-04-16T15:02:32.060616+00:00
AAPL,185.72,199,2026-04-16T15:02:32.161455+00:00
AMZN,184.6,198,2026-04-16T15:02:32.262681+00:00
AMZN,184.46,262,2026-04-16T15:02:32.363473+00:00
MSFT,409.51,102,2026-04-16T15:02:32.464416+00:00
MSFT,409.13,128,2026-04-16T15:02:32.565292+00:00
GOOGL,136.21,428,2026-04-16T15:02:32.666133+00:00
GOOGL,136.18,298,2026-04-16T15:02:32.766852+00:00
AMZN,184.01,92,2026-04-16T15:02:32.867659+00:00
TSLA,172.89,96,2026-04-16T15:02:32.968536+00:00
AAPL,185.43,69,2026-04-16T15:02:33.069410+00:00
MSFT,409.58,386,2026-04-16T15:02:33.170225+00:00
AAPL,185.57,165,2026-04-16T15:02:33.271101+00:00
TSLA,172.49,237,2026-04-16T15:02:33.371968+00:00
AMZN,184.17,316,2026-04-16T15:02:33.472864+00:00
AAPL,185.42,351,2026-04-16T15:02:33.573693+00:00
MSFT,409.65,136,2026-04-16T15:02:33.674382+00:00
MSFT,410.1,432,2026-04-16T15:02:33.775248+00:00
AMZN,184.31,39,2026-04-16T15:02:33.876238+00:00
TSLA,172.69,39,2026-04-16T15:02:33.977148+00:00
AMZN,184.15,448,2026-04-16T15:02:34.077938+00:00
AAPL,185.8,318,2026-04-16T15:02:34.178617+00:00
AMZN,183.66,17,2026-04-16T15:02:34.279428+00:00
AMZN,183.83,208,2026-04-16T15:02:34.380499+00:00
MSFT,409.74,447,2026-04-16T15:02:34.482016+00:00
GOOGL,135.78,43,2026-04-16T15:02:34.583345+00:00
GOOGL,135.45,455,2026-04-16T15:02:34.684256+00:00
GOOGL,135.4,407,2026-04-16T15:02:34.784696+00:00
TSLA,172.2,237,2026-04-16T15:02:34.885198+00:00
AAPL,186.01,322,2026-04-16T15:02:34.986170+00:00
TSLA,171.72,298,2026-04-16T15:02:35.086973+00:00
GOOGL,135.23,399,2026-04-16T15:02:35.187927+00:00
TSLA,172.07,376,2026-04-16T15:02:35.288450+00:00
TSLA,172.47,367,2026-04-16T15:02:35.389558+00:00
TSLA,172.13,45,2026-04-16T15:02:35.490598+00:00
GOOGL,135.49,203,2026-04-16T15:02:35.591606+00:00
AAPL,185.98,435,2026-04-16T15:02:35.692780+00:00
AMZN,184.04,48,2026-04-16T15:02:35.793649+00:00
AAPL,185.75,186,2026-04-16T15:02:35.894117+00:00
AAPL,185.57,104,2026-04-16T15:02:35.995035+00:00
TSLA,172.37,279,2026-04-16T15:02:36.095859+00:00
AMZN,184.51,27,2026-04-16T15:02:36.196765+00:00
MSFT,410.08,185,2026-04-16T15:02:36.297658+00:00
AAPL,185.61,128,2026-04-16T15:02:36.398672+00:00
GOOGL,135.92,202,2026-04-16T15:02:36.499667+00:00
TSLA,172.47,391,2026-04-16T15:02:36.600334+00:00
TSLA,172.81,429,2026-04-16T15:02:36.701249+00:00
MSFT,410.51,152,2026-04-16T15:02:36.802019+00:00
MSFT,410.11,427,2026-04-16T15:02:36.903085+00:00
MSFT,409.63,489,2026-04-16T15:02:37.004071+00:00
GOOGL,136.33,324,2026-04-16T15:02:37.104878+00:00
AMZN,184.83,264,2026-04-16T15:02:37.205999+00:00
MSFT,409.26,243,2026-04-16T15:02:37.306868+00:00
AMZN,185.1,486,2026-04-16T15:02:37.407873+00:00
TSLA,172.89,470,2026-04-16T15:02:37.508729+00:00
AAPL,185.64,270,2026-04-16T15:02:37.609863+00:00
AAPL,185.27,305,2026-04-16T15:02:37.710762+00:00
AAPL,185.76,290,2026-04-16T15:02:37.811846+00:00
AAPL,186.1,116,2026-04-16T15:02:37.913034+00:00
GOOGL,136.18,191,2026-04-16T15:02:38.013461+00:00
AAPL,185.6,82,2026-04-16T15:02:38.114238+00:00
AMZN,184.79,81,2026-04-16T15:02:38.214779+00:00
TSLA,173.15,56,2026-04-16T15:02:38.316237+00:00
AAPL,185.49,202,2026-04-16T15:02:38.417409+00:00
MSFT,409.66,163,2026-04-16T15:02:38.518236+00:00
AMZN,184.56,369,2026-04-16T15:02:38.619489+00:00
MSFT,409.61,321,2026-04-16T15:02:38.720399+00:00
MSFT,409.12,461,2026-04-16T15:02:38.821177+00:00
GOOGL,136.41,300,2026-04-16T15:02:38.921871+00:00
MSFT,409.52,399,2026-04-16T15:02:39.022813+00:00
TSLA,173.35,223,2026-04-16T15:02:39.123830+00:00
MSFT,409.28,230,2026-04-16T15:02:39.224703+00:00
AAPL,185.96,391,2026-04-16T15:02:39.325428+00:00
MSFT,409.22,49,2026-04-16T15:02:39.426352+00:00
GOOGL,136.89,88,2026-04-16T15:02:39.527489+00:00
AAPL,185.64,344,2026-04-16T15:02:39.628330+00:00
MSFT,408.73,348,2026-04-16T15:02:39.729358+00:00
AAPL,185.85,214,2026-04-16T15:02:39.829995+00:00
AAPL,185.56,122,2026-04-16T15:02:39.930885+00:00
AMZN,184.41,89,2026-04-16T15:02:40.031797+00:00
TSLA,173.47,71,2026-04-16T15:02:40.132328+00:00
AMZN,184.52,259,2026-04-16T15:02:40.232849+00:00
AAPL,185.06,302,2026-04-16T15:02:40.333204+00:00
GOOGL,136.5,38,2026-04-16T15:02:40.434073+00:00
TSLA,173.94,313,2026-04-16T15:02:40.534968+00:00
AAPL,184.87,155,2026-04-16T15:02:40.636041+00:00
TSLA,174.07,225,2026-04-16T15:02:40.737204+00:00
TSLA,174.22,23,2026-04-16T15:02:40.837893+00:00
GOOGL,136.39,285,2026-04-16T15:02:40.938758+00:00
AAPL,185.03,77,2026-04-16T15:02:41.039659+00:00
MSFT,408.97,192,2026-04-16T15:02:41.140439+00:00
TSLA,173.75,71,2026-04-16T15:02:41.241288+00:00
MSFT,408.73,262,2026-04-16T15:02:41.342123+00:00
TSLA,173.76,196,2026-04-16T15:02:41.442890+00:00
AMZN,184.77,250,2026-04-16T15:02:41.543815+00:00
GOOGL,136.82,270,2026-04-16T15:02:41.644264+00:00
AMZN,185.09,190,2026-04-16T15:02:41.745206+00:00
AAPL,185.14,108,2026-04-16T15:02:41.846176+00:00
TSLA,173.27,313,2026-04-16T15:02:41.947068+00:00
AMZN,185.01,376,2026-04-16T15:02:42.047815+00:00
MSFT,409.04,296,2026-04-16T15:02:42.147474+00:00
AAPL,184.82,479,2026-04-16T15:02:42.248399+00:00
AMZN,185.49,465,2026-04-16T15:02:42.349310+00:00
MSFT,409.28,204,2026-04-16T15:02:42.450250+00:00
GOOGL,137.11,75,2026-04-16T15:02:42.551109+00:00
GOOGL,137.53,265,2026-04-16T15:02:42.651551+00:00
TSLA,173.08,364,2026-04-16T15:02:42.752497+00:00
MSFT,409.01,262,2026-04-16T15:02:42.853445+00:00
TSLA,172.96,366,2026-04-16T15:02:42.953945+00:00
MSFT,408.6,349,2026-04-16T15:02:43.054645+00:00
AAPL,184.76,202,2026-04-16T15:02:43.155562+00:00
TSLA,173.07,223,2026-04-16T15:02:43.255982+00:00
MSFT,408.89,69,2026-04-16T15:02:43.356943+00:00
AMZN,185.49,356,2026-04-16T15:02:43.457785+00:00
AAPL,184.68,294,2026-04-16T15:02:43.558679+00:00
MSFT,409.04,151,2026-04-16T15:02:43.659667+00:00
TSLA,172.58,214,2026-04-16T15:02:43.760611+00:00
AMZN,185.04,329,2026-04-16T15:02:43.861392+00:00
AAPL,184.3,225,2026-04-16T15:02:43.962331+00:00
MSFT,409.38,83,2026-04-16T15:02:44.063260+00:00
AAPL,183.92,468,2026-04-16T15:02:44.164108+00:00
AMZN,185.33,39,2026-04-16T15:02:44.264968+00:00
MSFT,409.02,389,2026-04-16T15:02:44.365995+00:00
AMZN,185.26,296,2026-04-16T15:02:44.466783+00:00
AAPL,183.9,205,2026-04-16T15:02:44.567703+00:00
TSLA,172.74,266,2026-04-16T15:02:44.668568+00:00
TSLA,172.89,76,2026-04-16T15:02:44.769448+00:00
GOOGL,137.75,319,2026-04-16T15:02:44.870410+00:00
GOOGL,137.88,311,2026-04-16T15:02:44.971344+00:00
AMZN,185.65,16,2026-04-16T15:02:45.071817+00:00
MSFT,409.2,443,2026-04-16T15:02:45.172264+00:00
MSFT,409.1,417,2026-04-16T15:02:45.272922+00:00
GOOGL,137.46,216,2026-04-16T15:02:45.373697+00:00
GOOGL,137.53,191,2026-04-16T15:02:45.474459+00:00
TSLA,172.84,457,2026-04-16T15:02:45.575288+00:00
AAPL,183.52,29,2026-04-16T15:02:45.676139+00:00
AAPL,183.3,302,2026-04-16T15:02:45.777003+00:00
AAPL,183.55,395,2026-04-16T15:02:45.877908+00:00
TSLA,172.85,75,2026-04-16T15:02:45.978912+00:00
AAPL,183.14,443,2026-04-16T15:02:46.079862+00:00
GOOGL,137.35,483,2026-04-16T15:02:46.180790+00:00
AAPL,183.24,191,2026-04-16T15:02:46.281623+00:00
GOOGL,137.74,216,2026-04-16T15:02:46.382141+00:00
AAPL,183.01,393,2026-04-16T15:02:46.483147+00:00
GOOGL,138.21,108,2026-04-16T15:02:46.584098+00:00
AAPL,182.52,401,2026-04-16T15:02:46.684558+00:00
TSLA,172.47,17,2026-04-16T15:02:46.785424+00:00
AMZN,185.97,46,2026-04-16T15:02:46.886449+00:00
MSFT,408.77,386,2026-04-16T15:02:46.987280+00:00
GOOGL,138.06,388,2026-04-16T15:02:47.088142+00:00
GOOGL,137.56,276,2026-04-16T15:02:47.188906+00:00
TSLA,172.17,362,2026-04-16T15:02:47.289590+00:00
TSLA,171.72,266,2026-04-16T15:02:47.390049+00:00
GOOGL,137.99,426,2026-04-16T15:02:47.490903+00:00
AAPL,182.5,106,2026-04-16T15:02:47.591823+00:00
AAPL,182.55,437,2026-04-16T15:02:47.692547+00:00
AAPL,182.39,113,2026-04-16T15:02:47.792942+00:00
GOOGL,137.83,227,2026-04-16T15:02:47.893664+00:00
AMZN,186.43,105,2026-04-16T15:02:47.994555+00:00
AAPL,182.28,261,2026-04-16T15:02:48.095469+00:00
MSFT,408.78,182,2026-04-16T15:02:48.196391+00:00
AMZN,186.09,368,2026-04-16T15:02:48.296871+00:00
AMZN,185.89,171,2026-04-16T15:02:48.397763+00:00
TSLA,171.97,485,2026-04-16T15:02:48.498647+00:00
MSFT,408.49,338,2026-04-16T15:02:48.599573+00:00
TSLA,172.23,245,2026-04-16T15:02:48.700449+00:00
MSFT,408.44,222,2026-04-16T15:02:48.801139+00:00
AAPL,182.75,334,2026-04-16T15:02:48.901988+00:00
AMZN,186.2,424,2026-04-16T15:02:49.002893+00:00
AMZN,186.09,136,2026-04-16T15:02:49.103865+00:00
AAPL,183.09,198,2026-04-16T15:02:49.205027+00:00
AMZN,186.12,53,2026-04-16T15:02:49.306140+00:00
AAPL,183.42,295,2026-04-16T15:02:49.407240+00:00
AAPL,183.62,136,2026-04-16T15:02:49.508548+00:00
MSFT,408.26,19,2026-04-16T15:02:49.609433+00:00
AMZN,185.8,251,2026-04-16T15:02:49.710439+00:00
MSFT,408.65,308,2026-04-16T15:02:49.810962+00:00
TSLA,172.58,399,2026-04-16T15:02:49.912048+00:00
TSLA,172.25,259,2026-04-16T15:02:50.012588+00:00
AAPL,183.18,367,2026-04-16T15:02:50.113069+00:00
TSLA,172.46,132,2026-04-16T15:02:50.213923+00:00
MSFT,408.83,154,2026-04-16T15:02:50.314521+00:00
TSLA,172.15,222,2026-04-16T15:02:50.415374+00:00
TSLA,171.95,314,2026-04-16T15:02:50.516372+00:00
GOOGL,138.33,262,2026-04-16T15:02:50.617719+00:00
AAPL,183.6,209,2026-04-16T15:02:50.718665+00:00
AAPL,183.92,374,2026-04-16T15:02:50.819586+00:00
GOOGL,137.9,34,2026-04-16T15:02:50.920714+00:00
MSFT,408.58,71,2026-04-16T15:02:51.021654+00:00
TSLA,171.69,12,2026-04-16T15:02:51.122895+00:00
GOOGL,137.86,56,2026-04-16T15:02:51.223928+00:00
AAPL,184.34,237,2026-04-16T15:02:51.324780+00:00
GOOGL,137.69,101,2026-04-16T15:02:51.425174+00:00
GOOGL,137.3,455,2026-04-16T15:02:51.525897+00:00
TSLA,171.58,31,2026-04-16T15:02:51.626882+00:00
AAPL,184.43,325,2026-04-16T15:02:51.727323+00:00
TSLA,171.66,127,2026-04-16T15:02:51.828100+00:00
MSFT,408.38,221,2026-04-16T15:02:51.929494+00:00
TSLA,171.5,497,2026-04-16T15:02:52.030452+00:00
AMZN,185.43,47,2026-04-16T15:02:52.131662+00:00
AAPL,184.7,55,2026-04-16T15:02:52.232496+00:00
AMZN,184.97,238,2026-04-16T15:02:52.333386+00:00
TSLA,171.02,463,2026-04-16T15:02:52.434288+00:00
MSFT,408.32,42,2026-04-16T15:02:52.535056+00:00
AMZN,184.59,400,2026-04-16T15:02:52.635766+00:00
GOOGL,136.99,178,2026-04-16T15:02:52.736594+00:00
AMZN,184.48,50,2026-04-16T15:02:52.837646+00:00
GOOGL,137.31,300,2026-04-16T15:02:52.938859+00:00
TSLA,171.16,145,2026-04-16T15:02:53.039743+00:00
MSFT,408.15,119,2026-04-16T15:02:53.140753+00:00
TSLA,171.1,452,2026-04-16T15:02:53.241754+00:00
AAPL,185.18,388,2026-04-16T15:02:53.342871+00:00
AMZN,184.12,88,2026-04-16T15:02:53.443597+00:00
AMZN,184.3,484,2026-04-16T15:02:53.544018+00:00
GOOGL,137.33,471,2026-04-16T15:02:53.644921+00:00
MSFT,408.08,194,2026-04-16T15:02:53.745873+00:00
AMZN,184.62,139,2026-04-16T15:02:53.846937+00:00
MSFT,407.91,271,2026-04-16T15:02:53.947322+00:00
MSFT,407.99,234,2026-04-16T15:02:54.048051+00:00
AMZN,184.15,30,2026-04-16T15:02:54.148585+00:00
MSFT,407.67,476,2026-04-16T15:02:54.249375+00:00
AMZN,184.09,285,2026-04-16T15:02:54.349851+00:00
AAPL,185.41,238,2026-04-16T15:02:54.450611+00:00
AAPL,185.22,295,2026-04-16T15:02:54.551504+00:00
TSLA,171.26,128,2026-04-16T15:02:54.652400+00:00
AAPL,185.42,366,2026-04-16T15:02:54.753401+00:00
MSFT,407.61,225,2026-04-16T15:02:54.854299+00:00
TSLA,171.72,461,2026-04-16T15:02:54.954664+00:00
GOOGL,137.49,447,2026-04-16T15:02:55.055046+00:00
AAPL,185.87,344,2026-04-16T15:02:55.155866+00:00
GOOGL,137.29,109,2026-04-16T15:02:55.256994+00:00
AMZN,183.63,208,2026-04-16T15:02:55.357764+00:00
MSFT,408.03,24,2026-04-16T15:02:55.458719+00:00
GOOGL,137.44,389,2026-04-16T15:02:55.559438+00:00
TSLA,172.14,26,2026-04-16T15:02:55.660363+00:00
AMZN,184.1,411,2026-04-16T15:02:55.761168+00:00
TSLA,172.12,239,2026-04-16T15:02:55.862073+00:00
AAPL,186.32,22,2026-04-16T15:02:55.963130+00:00
GOOGL,137.25,72,2026-04-16T15:02:56.064208+00:00
GOOGL,137.56,423,2026-04-16T15:02:56.165340+00:00
AMZN,183.63,95,2026-04-16T15:02:56.266212+00:00
AMZN,183.25,403,2026-04-16T15:02:56.366961+00:00
AAPL,186.66,487,2026-04-16T15:02:56.467645+00:00
MSFT,408.5,143,2026-04-16T15:02:56.568503+00:00
AMZN,182.95,317,2026-04-16T15:02:56.668947+00:00
TSLA,171.73,238,2026-04-16T15:02:56.769833+00:00
GOOGL,137.86,270,2026-04-16T15:02:56.871062+00:00
MSFT,408.77,148,2026-04-16T15:02:56.972012+00:00
AAPL,187.03,369,2026-04-16T15:02:57.072760+00:00
GOOGL,137.53,39,2026-04-16T15:02:57.173639+00:00
MSFT,408.93,17,2026-04-16T15:02:57.274487+00:00
GOOGL,137.17,257,2026-04-16T15:02:57.375285+00:00
AMZN,182.54,212,2026-04-16T15:02:57.476238+00:00
MSFT,408.83,56,2026-04-16T15:02:57.577162+00:00
AAPL,186.97,214,2026-04-16T15:02:57.677985+00:00
TSLA,171.46,414,2026-04-16T15:02:57.778919+00:00
AMZN,182.97,23,2026-04-16T15:02:57.879687+00:00
AMZN,182.89,474,2026-04-16T15:02:57.980445+00:00
AAPL,186.66,290,2026-04-16T15:02:58.081486+00:00
MSFT,408.74,168,2026-04-16T15:02:58.182449+00:00
AAPL,186.46,384,2026-04-16T15:02:58.283519+00:00
AAPL,186.64,129,2026-04-16T15:02:58.384792+00:00
TSLA,171.22,387,2026-04-16T15:02:58.485616+00:00
AAPL,186.26,288,2026-04-16T15:02:58.586587+00:00
AMZN,182.63,393,2026-04-16T15:02:58.687512+00:00
MSFT,408.87,194,2026-04-16T15:02:58.787978+00:00
GOOGL,137.64,450,2026-04-16T15:02:58.888896+00:00
AAPL,186.26,496,2026-04-16T15:02:58.989407+00:00
GOOGL,137.15,355,2026-04-16T15:02:59.090379+00:00
AMZN,182.48,442,2026-04-16T15:02:59.191377+00:00
GOOGL,137.12,129,2026-04-16T15:02:59.292250+00:00
TSLA,170.97,269,2026-04-16T15:02:59.392783+00:00
TSLA,171.43,494,2026-04-16T15:02:59.493705+00:00
GOOGL,136.94,176,2026-04-16T15:02:59.594617+00:00
GOOGL,137.03,490,2026-04-16T15:02:59.695845+00:00
AAPL,186.43,272,2026-04-16T15:02:59.796718+00:00
MSFT,408.77,139,2026-04-16T15:02:59.897230+00:00
AMZN,182.05,311,2026-04-16T15:02:59.998456+00:00
AMZN,182.46,284,2026-04-16T15:03:00.099445+00:00
AAPL,186.73,234,2026-04-16T15:03:00.200335+00:00
MSFT,408.59,79,2026-04-16T15:03:00.301235+00:00
AMZN,182.09,392,2026-04-16T15:03:00.402000+00:00
GOOGL,136.84,178,2026-04-16T15:03:00.502911+00:00
AAPL,186.82,129,2026-04-16T15:03:00.603834+00:00
MSFT,408.52,108,2026-04-16T15:03:00.704275+00:00
MSFT,408.94,311,2026-04-16T15:03:00.805014+00:00
TSLA,171.3,135,2026-04-16T15:03:00.905955+00:00
MSFT,409.27,40,2026-04-16T15:03:01.006443+00:00
TSLA,170.88,16,2026-04-16T15:03:01.107363+00:00
AMZN,182.03,384,2026-04-16T15:03:01.208355+00:00
GOOGL,136.93,206,2026-04-16T15:03:01.309005+00:00
GOOGL,136.93,296,2026-04-16T15:03:01.410011+00:00
GOOGL,136.9,261,2026-04-16T15:03:01.510498+00:00
AAPL,186.91,262,2026-04-16T15:03:01.611301+00:00
GOOGL,136.8,158,2026-04-16T15:03:01.712068+00:00
AMZN,181.6,271,2026-04-16T15:03:01.812977+00:00
TSLA,171.0,398,2026-04-16T15:03:01.915185+00:00
AAPL,186.75,176,2026-04-16T15:03:02.016028+00:00
MSFT,409.15,495,2026-04-16T15:03:02.116968+00:00
GOOGL,136.45,308,2026-04-16T15:03:02.217808+00:00
GOOGL,136.61,256,2026-04-16T15:03:02.318584+00:00
AMZN,181.88,273,2026-04-16T15:03:02.419531+00:00
AMZN,182.16,489,2026-04-16T15:03:02.520635+00:00
AAPL,186.82,336,2026-04-16T15:03:02.621663+00:00
GOOGL,137.02,439,2026-04-16T15:03:02.722400+00:00
TSLA,171.14,423,2026-04-16T15:03:02.823325+00:00
MSFT,408.76,310,2026-04-16T15:03:02.924452+00:00
TSLA,171.41,198,2026-04-16T15:03:03.025323+00:00
AAPL,186.88,114,2026-04-16T15:03:03.126299+00:00
TSLA,171.89,247,2026-04-16T15:03:03.227511+00:00
TSLA,172.37,296,2026-04-16T15:03:03.328949+00:00
AAPL,186.65,201,2026-04-16T15:03:03.429835+00:00
TSLA,172.85,222,2026-04-16T15:03:03.531029+00:00
GOOGL,136.89,127,2026-04-16T15:03:03.632167+00:00
AMZN,182.11,220,2026-04-16T15:03:03.732989+00:00
AAPL,186.58,288,2026-04-16T15:03:03.833828+00:00
MSFT,408.86,41,2026-04-16T15:03:03.934801+00:00
AAPL,186.81,416,2026-04-16T15:03:04.035630+00:00
AMZN,182.07,269,2026-04-16T15:03:04.136368+00:00
GOOGL,137.03,401,2026-04-16T15:03:04.237081+00:00
MSFT,408.5,396,2026-04-16T15:03:04.337553+00:00
AAPL,186.89,125,2026-04-16T15:03:04.438569+00:00
AAPL,186.42,317,2026-04-16T15:03:04.539536+00:00
GOOGL,136.56,418,2026-04-16T15:03:04.640457+00:00
AMZN,182.28,345,2026-04-16T15:03:04.741386+00:00
AAPL,186.1,271,2026-04-16T15:03:04.842334+00:00
AMZN,182.38,92,2026-04-16T15:03:04.943056+00:00
AAPL,185.7,262,2026-04-16T15:03:05.043897+00:00
AAPL,185.35,74,2026-04-16T15:03:05.144725+00:00
MSFT,408.45,93,2026-04-16T15:03:05.245540+00:00
GOOGL,136.84,292,2026-04-16T15:03:05.346032+00:00
TSLA,173.34,347,2026-04-16T15:03:05.446930+00:00
AAPL,185.32,318,2026-04-16T15:03:05.547794+00:00
AAPL,184.9,456,2026-04-16T15:03:05.648698+00:00
AAPL,185.29,62,2026-04-16T15:03:05.749542+00:00
AAPL,185.57,142,2026-04-16T15:03:05.849978+00:00
AAPL,185.58,116,2026-04-16T15:03:05.950462+00:00
TSLA,173.61,225,2026-04-16T15:03:06.051450+00:00
MSFT,408.3,457,2026-04-16T15:03:06.152955+00:00
GOOGL,136.72,185,2026-04-16T15:03:06.253732+00:00
TSLA,173.64,18,2026-04-16T15:03:06.354519+00:00
TSLA,173.44,328,2026-04-16T15:03:06.455123+00:00
AMZN,182.77,440,2026-04-16T15:03:06.555868+00:00
MSFT,407.93,385,2026-04-16T15:03:06.656808+00:00
AMZN,182.79,414,2026-04-16T15:03:06.757590+00:00
AMZN,182.51,390,2026-04-16T15:03:06.858568+00:00
TSLA,173.88,179,2026-04-16T15:03:06.959314+00:00
GOOGL,136.3,299,2026-04-16T15:03:07.060308+00:00
AMZN,182.72,195,2026-04-16T15:03:07.160711+00:00
AAPL,186.07,378,2026-04-16T15:03:07.261446+00:00
GOOGL,136.52,285,2026-04-16T15:03:07.361947+00:00
TSLA,173.8,390,2026-04-16T15:03:07.462683+00:00
GOOGL,136.36,241,2026-04-16T15:03:07.563585+00:00
AMZN,182.98,113,2026-04-16T15:03:07.664468+00:00
GOOGL,136.29,100,2026-04-16T15:03:07.765564+00:00
AMZN,182.87,284,2026-04-16T15:03:07.866281+00:00
GOOGL,136.22,265,2026-04-16T15:03:07.966679+00:00
AAPL,185.58,332,2026-04-16T15:03:08.067415+00:00
MSFT,407.43,394,2026-04-16T15:03:08.168373+00:00
TSLA,173.42,274,2026-04-16T15:03:08.269456+00:00
TSLA,173.22,198,2026-04-16T15:03:08.370318+00:00
TSLA,173.45,276,2026-04-16T15:03:08.471193+00:00
AMZN,182.6,281,2026-04-16T15:03:08.572129+00:00
TSLA,173.68,453,2026-04-16T15:03:08.673154+00:00
TSLA,173.64,345,2026-04-16T15:03:08.774138+00:00
AMZN,182.82,423,2026-04-16T15:03:08.875546+00:00
GOOGL,135.92,104,2026-04-16T15:03:08.976085+00:00
AMZN,182.62,433,2026-04-16T15:03:09.076924+00:00
AMZN,182.13,439,2026-04-16T15:03:09.177733+00:00
GOOGL,135.71,54,2026-04-16T15:03:09.278508+00:00
TSLA,173.7,270,2026-04-16T15:03:09.379381+00:00
GOOGL,136.2,176,2026-04-16T15:03:09.479753+00:00
MSFT,407.13,97,2026-04-16T15:03:09.580197+00:00
GOOGL,136.6,33,2026-04-16T15:03:09.680653+00:00
GOOGL,136.89,286,2026-04-16T15:03:09.781554+00:00
MSFT,407.2,191,2026-04-16T15:03:09.882211+00:00
AAPL,185.75,159,2026-04-16T15:03:09.982984+00:00
AAPL,186.06,298,2026-04-16T15:03:10.083751+00:00
GOOGL,136.99,275,2026-04-16T15:03:10.184869+00:00
MSFT,407.04,99,2026-04-16T15:03:10.285790+00:00
GOOGL,137.24,260,2026-04-16T15:03:10.386962+00:00
TSLA,173.84,185,2026-04-16T15:03:10.487960+00:00
AMZN,182.53,315,2026-04-16T15:03:10.588380+00:00
MSFT,407.49,264,2026-04-16T15:03:10.689259+00:00
AMZN,182.24,446,2026-04-16T15:03:10.790216+00:00
MSFT,407.72,324,2026-04-16T15:03:10.891155+00:00
MSFT,407.68,425,2026-04-16T15:03:10.991992+00:00
AMZN,182.65,176,2026-04-16T15:03:11.092869+00:00
AAPL,185.91,310,2026-04-16T15:03:11.193847+00:00
AAPL,185.64,412,2026-04-16T15:03:11.294760+00:00
TSLA,174.25,446,2026-04-16T15:03:11.395824+00:00
MSFT,407.71,216,2026-04-16T15:03:11.496247+00:00
AMZN,183.08,350,2026-04-16T15:03:11.596998+00:00
GOOGL,137.09,356,2026-04-16T15:03:11.697424+00:00
GOOGL,137.51,66,2026-04-16T15:03:11.798301+00:00
GOOGL,137.33,229,2026-04-16T15:03:11.899087+00:00
MSFT,407.61,223,2026-04-16T15:03:11.999861+00:00
TSLA,174.13,286,2026-04-16T15:03:12.100780+00:00
GOOGL,136.87,462,2026-04-16T15:03:12.200470+00:00
AAPL,185.6,240,2026-04-16T15:03:12.301178+00:00
GOOGL,136.76,206,2026-04-16T15:03:12.402243+00:00
MSFT,407.21,126,2026-04-16T15:03:12.502944+00:00
TSLA,173.8,34,2026-04-16T15:03:12.603740+00:00
MSFT,407.56,299,2026-04-16T15:03:12.704611+00:00
MSFT,407.91,128,2026-04-16T15:03:12.805422+00:00
GOOGL,136.37,81,2026-04-16T15:03:12.906400+00:00
GOOGL,136.18,271,2026-04-16T15:03:13.006795+00:00
AMZN,182.98,371,2026-04-16T15:03:13.107632+00:00
MSFT,407.97,127,2026-04-16T15:03:13.208485+00:00
MSFT,408.47,492,2026-04-16T15:03:13.309557+00:00
AAPL,185.54,82,2026-04-16T15:03:13.410401+00:00
AMZN,182.58,162,2026-04-16T15:03:13.511584+00:00
TSLA,174.01,164,2026-04-16T15:03:13.612356+00:00
AMZN,183.01,380,2026-04-16T15:03:13.713304+00:00
TSLA,173.79,240,2026-04-16T15:03:13.814025+00:00
AAPL,185.88,29,2026-04-16T15:03:13.914891+00:00
AAPL,185.49,72,2026-04-16T15:03:14.015373+00:00
MSFT,408.06,171,2026-04-16T15:03:14.116295+00:00
AAPL,185.14,133,2026-04-16T15:03:14.217147+00:00
AAPL,185.22,434,2026-04-16T15:03:14.318026+00:00
TSLA,173.39,457,2026-04-16T15:03:14.418902+00:00
MSFT,408.08,463,2026-04-16T15:03:14.519641+00:00
GOOGL,136.45,308,2026-04-16T15:03:14.620381+00:00
AAPL,185.44,457,2026-04-16T15:03:14.721322+00:00
AAPL,185.25,261,2026-04-16T15:03:14.822364+00:00
MSFT,408.19,257,2026-04-16T15:03:14.923205+00:00
AAPL,185.45,96,2026-04-16T15:03:15.024030+00:00
GOOGL,135.97,380,2026-04-16T15:03:15.125028+00:00
AAPL,185.79,110,2026-04-16T15:03:15.225747+00:00
AAPL,186.02,367,2026-04-16T15:03:15.326478+00:00
GOOGL,135.77,187,2026-04-16T15:03:15.427175+00:00
AAPL,185.67,114,2026-04-16T15:03:15.528100+00:00
MSFT,408.11,124,2026-04-16T15:03:15.629021+00:00
MSFT,407.78,460,2026-04-16T15:03:15.730089+00:00
AAPL,185.73,151,2026-04-16T15:03:15.831161+00:00
TSLA,173.6,126,2026-04-16T15:03:15.932047+00:00
TSLA,173.3,417,2026-04-16T15:03:16.032879+00:00
GOOGL,135.69,163,2026-04-16T15:03:16.133801+00:00
TSLA,173.23,411,2026-04-16T15:03:16.234727+00:00
AMZN,182.89,239,2026-04-16T15:03:16.335544+00:00
AAPL,185.83,419,2026-04-16T15:03:16.436348+00:00
MSFT,408.22,184,2026-04-16T15:03:16.537154+00:00
AAPL,185.65,352,2026-04-16T15:03:16.638207+00:00
GOOGL,135.35,323,2026-04-16T15:03:16.739300+00:00
TSLA,173.7,462,2026-04-16T15:03:16.840536+00:00
GOOGL,135.72,185,2026-04-16T15:03:16.941510+00:00
MSFT,408.24,320,2026-04-16T15:03:17.042328+00:00
MSFT,407.99,57,2026-04-16T15:03:17.143270+00:00
AAPL,185.27,137,2026-04-16T15:03:17.244095+00:00
AMZN,182.73,331,2026-04-16T15:03:17.344492+00:00
TSLA,173.63,324,2026-04-16T15:03:17.445185+00:00
AMZN,182.26,230,2026-04-16T15:03:17.546097+00:00
TSLA,173.24,324,2026-04-16T15:03:17.647217+00:00
AMZN,182.46,415,2026-04-16T15:03:17.747707+00:00
AAPL,184.93,175,2026-04-16T15:03:17.848472+00:00
MSFT,408.15,35,2026-04-16T15:03:17.949004+00:00
GOOGL,136.11,456,2026-04-16T15:03:18.049906+00:00
AMZN,182.68,399,2026-04-16T15:03:18.150597+00:00
TSLA,173.5,206,2026-04-16T15:03:18.251537+00:00
MSFT,407.98,126,2026-04-16T15:03:18.352534+00:00
TSLA,173.31,335,2026-04-16T15:03:18.453513+00:00
MSFT,407.64,378,2026-04-16T15:03:18.554455+00:00
GOOGL,136.6,322,2026-04-16T15:03:18.655403+00:00
GOOGL,136.13,58,2026-04-16T15:03:18.756152+00:00
GOOGL,136.27,381,2026-04-16T15:03:18.857236+00:00
GOOGL,136.41,99,2026-04-16T15:03:18.958071+00:00
TSLA,173.7,308,2026-04-16T15:03:19.059392+00:00
TSLA,174.08,432,2026-04-16T15:03:19.160288+00:00
MSFT,407.45,389,2026-04-16T15:03:19.261249+00:00
MSFT,407.61,393,2026-04-16T15:03:19.362305+00:00
AMZN,183.07,220,2026-04-16T15:03:19.463351+00:00
AMZN,183.39,342,2026-04-16T15:03:19.564149+00:00
MSFT,407.21,43,2026-04-16T15:03:19.664997+00:00
AMZN,183.3,280,2026-04-16T15:03:19.765859+00:00
AMZN,183.25,160,2026-04-16T15:03:19.866767+00:00
MSFT,407.62,229,2026-04-16T15:03:19.967713+00:00
AMZN,182.76,408,2026-04-16T15:03:20.068657+00:00
AAPL,185.38,180,2026-04-16T15:03:20.169556+00:00
TSLA,173.71,461,2026-04-16T15:03:20.270422+00:00
AMZN,183.18,237,2026-04-16T15:03:20.371372+00:00
AMZN,182.73,322,2026-04-16T15:03:20.472687+00:00
AAPL,185.33,373,2026-04-16T15:03:20.573811+00:00
TSLA,173.65,381,2026-04-16T15:03:20.674300+00:00
TSLA,173.17,280,2026-04-16T15:03:20.775516+00:00
TSLA,173.47,437,2026-04-16T15:03:20.876549+00:00
GOOGL,136.02,199,2026-04-16T15:03:20.977459+00:00
MSFT,407.64,346,2026-04-16T15:03:21.078253+00:00
MSFT,408.12,143,2026-04-16T15:03:21.179083+00:00
TSLA,173.37,302,2026-04-16T15:03:21.280015+00:00
AAPL,184.92,51,2026-04-16T15:03:21.381399+00:00
AMZN,182.86,355,2026-04-16T15:03:21.482249+00:00
MSFT,408.42,273,2026-04-16T15:03:21.583161+00:00
MSFT,408.69,480,2026-04-16T15:03:21.684089+00:00
GOOGL,136.25,213,2026-04-16T15:03:21.785003+00:00
TSLA,173.12,233,2026-04-16T15:03:21.885792+00:00
AAPL,185.4,388,2026-04-16T15:03:21.986214+00:00
TSLA,173.09,54,2026-04-16T15:03:22.087013+00:00
MSFT,408.66,488,2026-04-16T15:03:22.187856+00:00
AMZN,183.17,206,2026-04-16T15:03:22.288302+00:00
MSFT,408.64,138,2026-04-16T15:03:22.389127+00:00
TSLA,173.06,340,2026-04-16T15:03:22.490221+00:00
TSLA,173.18,348,2026-04-16T15:03:22.591270+00:00
TSLA,172.86,200,2026-04-16T15:03:22.691967+00:00
AAPL,185.41,427,2026-04-16T15:03:22.792890+00:00
AMZN,183.02,250,2026-04-16T15:03:22.893821+00:00
MSFT,408.89,349,2026-04-16T15:03:22.994779+00:00
AMZN,182.93,140,2026-04-16T15:03:23.095595+00:00
TSLA,173.23,203,2026-04-16T15:03:23.196367+00:00
TSLA,173.46,61,2026-04-16T15:03:23.297364+00:00
AMZN,183.39,212,2026-04-16T15:03:23.398268+00:00
AMZN,183.48,178,2026-04-16T15:03:23.499109+00:00
AAPL,184.92,29,2026-04-16T15:03:23.600325+00:00
AMZN,183.41,113,2026-04-16T15:03:23.701328+00:00
AMZN,183.58,164,2026-04-16T15:03:23.802516+00:00
MSFT,408.51,271,2026-04-16T15:03:23.904223+00:00
GOOGL,136.53,293,2026-04-16T15:03:24.004658+00:00
TSLA,173.18,253,2026-04-16T15:03:24.105871+00:00
MSFT,408.45,350,2026-04-16T15:03:24.207023+00:00
TSLA,172.95,185,2026-04-16T15:03:24.307955+00:00
MSFT,408.0,183,2026-04-16T15:03:24.408845+00:00
AAPL,185.03,365,2026-04-16T15:03:24.509726+00:00
GOOGL,136.32,219,2026-04-16T15:03:24.610686+00:00
AAPL,185.45,240,2026-04-16T15:03:24.711133+00:00
MSFT,407.58,413,2026-04-16T15:03:24.812046+00:00
GOOGL,136.68,414,2026-04-16T15:03:24.912898+00:00
AAPL,185.13,275,2026-04-16T15:03:25.013898+00:00
AAPL,184.93,23,2026-04-16T15:03:25.114887+00:00
MSFT,407.53,452,2026-04-16T15:03:25.216071+00:00
MSFT,407.09,24,2026-04-16T15:03:25.317061+00:00
MSFT,407.2,182,2026-04-16T15:03:25.418096+00:00
TSLA,172.81,202,2026-04-16T15:03:25.518968+00:00
GOOGL,136.54,418,2026-04-16T15:03:25.619978+00:00
TSLA,172.54,499,2026-04-16T15:03:25.721004+00:00
MSFT,407.0,118,2026-04-16T15:03:25.821711+00:00
MSFT,406.66,292,2026-04-16T15:03:25.922612+00:00
AAPL,184.46,121,2026-04-16T15:03:26.023543+00:00
GOOGL,136.61,145,2026-04-16T15:03:26.124230+00:00
AAPL,184.37,305,2026-04-16T15:03:26.225130+00:00
TSLA,172.33,309,2026-04-16T15:03:26.325871+00:00
MSFT,407.12,390,2026-04-16T15:03:26.426739+00:00
GOOGL,136.86,251,2026-04-16T15:03:26.527553+00:00
AAPL,184.0,186,2026-04-16T15:03:26.628448+00:00
GOOGL,137.05,55,2026-04-16T15:03:26.729793+00:00
MSFT,406.98,345,2026-04-16T15:03:26.830901+00:00
GOOGL,136.97,167,2026-04-16T15:03:26.931977+00:00
GOOGL,136.96,456,2026-04-16T15:03:27.032439+00:00
AAPL,184.14,171,2026-04-16T15:03:27.133462+00:00
AMZN,183.9,480,2026-04-16T15:03:27.234323+00:00
TSLA,172.42,356,2026-04-16T15:03:27.335118+00:00
GOOGL,136.98,138,2026-04-16T15:03:27.436015+00:00
MSFT,407.03,238,2026-04-16T15:03:27.536957+00:00
MSFT,406.62,197,2026-04-16T15:03:27.637610+00:00
AAPL,184.44,18,2026-04-16T15:03:27.738390+00:00
MSFT,406.79,336,2026-04-16T15:03:27.839379+00:00
MSFT,407.27,219,2026-04-16T15:03:27.940263+00:00
MSFT,407.02,17,2026-04-16T15:03:28.041390+00:00
AMZN,184.0,190,2026-04-16T15:03:28.142127+00:00
AAPL,184.93,233,2026-04-16T15:03:28.243023+00:00
TSLA,172.3,305,2026-04-16T15:03:28.343916+00:00
AMZN,184.26,278,2026-04-16T15:03:28.444763+00:00
GOOGL,136.97,366,2026-04-16T15:03:28.545676+00:00
AAPL,184.51,399,2026-04-16T15:03:28.646532+00:00
AAPL,184.5,336,2026-04-16T15:03:28.747406+00:00
MSFT,406.54,267,2026-04-16T15:03:28.848377+00:00
TSLA,171.9,356,2026-04-16T15:03:28.949713+00:00
GOOGL,137.32,313,2026-04-16T15:03:29.050567+00:00
GOOGL,137.02,278,2026-04-16T15:03:29.151469+00:00
GOOGL,137.06,272,2026-04-16T15:03:29.252437+00:00
GOOGL,137.42,227,2026-04-16T15:03:29.353398+00:00
GOOGL,137.6,426,2026-04-16T15:03:29.454310+00:00
TSLA,171.51,481,2026-04-16T15:03:29.555166+00:00
AAPL,184.9,358,2026-04-16T15:03:29.655663+00:00
MSFT,406.59,435,2026-04-16T15:03:29.756558+00:00
GOOGL,137.89,52,2026-04-16T15:03:29.857322+00:00
AMZN,184.12,22,2026-04-16T15:03:29.958262+00:00
AMZN,184.32,328,2026-04-16T15:03:30.059126+00:00
AMZN,183.87,349,2026-04-16T15:03:30.160036+00:00
MSFT,406.9,327,2026-04-16T15:03:30.260491+00:00
AAPL,185.04,285,2026-04-16T15:03:30.361640+00:00
AAPL,185.32,378,2026-04-16T15:03:30.462492+00:00
AMZN,183.84,438,2026-04-16T15:03:30.563285+00:00
GOOGL,138.32,182,2026-04-16T15:03:30.664021+00:00
TSLA,171.12,472,2026-04-16T15:03:30.764869+00:00
AAPL,185.11,275,2026-04-16T15:03:30.865801+00:00
MSFT,407.34,218,2026-04-16T15:03:30.966245+00:00
TSLA,171.03,191,2026-04-16T15:03:31.067073+00:00
TSLA,171.27,261,2026-04-16T15:03:31.167963+00:00
MSFT,407.3,111,2026-04-16T15:03:31.268846+00:00
AAPL,185.15,234,2026-04-16T15:03:31.369804+00:00
MSFT,406.89,371,2026-04-16T15:03:31.470698+00:00
GOOGL,138.64,105,2026-04-16T15:03:31.571764+00:00
GOOGL,138.29,456,2026-04-16T15:03:31.672222+00:00
AMZN,183.7,57,2026-04-16T15:03:31.773191+00:00
TSLA,170.8,246,2026-04-16T15:03:31.873919+00:00
AMZN,183.94,368,2026-04-16T15:03:31.974387+00:00
AMZN,183.92,275,2026-04-16T15:03:32.075281+00:00
MSFT,406.82,262,2026-04-16T15:03:32.176195+00:00
AAPL,185.41,488,2026-04-16T15:03:32.277124+00:00
AAPL,185.72,432,2026-04-16T15:03:32.378067+00:00
MSFT,406.48,428,2026-04-16T15:03:32.478596+00:00
AMZN,184.02,10,2026-04-16T15:03:32.579279+00:00
AMZN,184.43,457,2026-04-16T15:03:32.680043+00:00
AAPL,185.25,480,2026-04-16T15:03:32.781027+00:00
TSLA,170.54,218,2026-04-16T15:03:32.881952+00:00
AMZN,184.89,300,2026-04-16T15:03:32.982908+00:00
GOOGL,138.34,372,2026-04-16T15:03:33.083667+00:00
GOOGL,138.82,143,2026-04-16T15:03:33.184446+00:00
GOOGL,138.47,180,2026-04-16T15:03:33.285300+00:00
AAPL,185.74,243,2026-04-16T15:03:33.386145+00:00
AAPL,185.94,358,2026-04-16T15:03:33.486952+00:00
AMZN,184.73,398,2026-04-16T15:03:33.587852+00:00
MSFT,406.92,235,2026-04-16T15:03:33.688800+00:00
AAPL,186.14,448,2026-04-16T15:03:33.789569+00:00
GOOGL,138.2,293,2026-04-16T15:03:33.890369+00:00
TSLA,170.54,455,2026-04-16T15:03:33.991239+00:00
AAPL,186.2,98,2026-04-16T15:03:34.092120+00:00
TSLA,170.5,274,2026-04-16T15:03:34.192831+00:00
GOOGL,138.41,307,2026-04-16T15:03:34.293366+00:00
AAPL,186.16,433,2026-04-16T15:03:34.394269+00:00
GOOGL,138.01,233,2026-04-16T15:03:34.495078+00:00
AMZN,184.69,42,2026-04-16T15:03:34.596223+00:00
GOOGL,137.53,394,2026-04-16T15:03:34.696801+00:00
MSFT,407.04,44,2026-04-16T15:03:34.797553+00:00
MSFT,406.79,76,2026-04-16T15:03:34.898463+00:00
MSFT,406.77,101,2026-04-16T15:03:34.999215+00:00
AMZN,184.6,468,2026-04-16T15:03:35.100034+00:00
GOOGL,137.71,142,2026-04-16T15:03:35.200897+00:00
AAPL,186.43,89,2026-04-16T15:03:35.301920+00:00
AMZN,184.43,238,2026-04-16T15:03:35.403118+00:00
MSFT,406.56,139,2026-04-16T15:03:35.504026+00:00
GOOGL,137.76,285,2026-04-16T15:03:35.604455+00:00
AMZN,184.32,253,2026-04-16T15:03:35.705396+00:00
TSLA,170.0,65,2026-04-16T15:03:35.805830+00:00
TSLA,170.38,297,2026-04-16T15:03:35.906623+00:00
AMZN,184.38,194,2026-04-16T15:03:36.007556+00:00
AAPL,186.91,442,2026-04-16T15:03:36.108747+00:00
AAPL,187.39,329,2026-04-16T15:03:36.209577+00:00
TSLA,170.72,25,2026-04-16T15:03:36.310406+00:00
MSFT,407.03,361,2026-04-16T15:03:36.411407+00:00
AMZN,184.13,216,2026-04-16T15:03:36.512224+00:00
AAPL,187.49,39,2026-04-16T15:03:36.613058+00:00
GOOGL,137.42,320,2026-04-16T15:03:36.713833+00:00
AMZN,184.43,261,2026-04-16T15:03:36.814575+00:00
AMZN,184.38,245,2026-04-16T15:03:36.915389+00:00
AAPL,187.43,463,2026-04-16T15:03:37.016066+00:00
GOOGL,137.0,284,2026-04-16T15:03:37.117015+00:00
MSFT,406.66,170,2026-04-16T15:03:37.217911+00:00
AMZN,184.51,422,2026-04-16T15:03:37.318745+00:00
MSFT,406.29,106,2026-04-16T15:03:37.419123+00:00
AAPL,187.55,73,2026-04-16T15:03:37.519965+00:00
GOOGL,137.26,316,2026-04-16T15:03:37.620815+00:00
AAPL,187.74,488,2026-04-16T15:03:37.721776+00:00
AMZN,184.65,157,2026-04-16T15:03:37.822487+00:00
AAPL,188.13,91,2026-04-16T15:03:37.923883+00:00
AAPL,188.06,178,2026-04-16T15:03:38.025020+00:00
TSLA,170.54,438,2026-04-16T15:03:38.125996+00:00
TSLA,170.9,26,2026-04-16T15:03:38.226709+00:00
AMZN,184.78,198,2026-04-16T15:03:38.327133+00:00
TSLA,171.0,433,2026-04-16T15:03:38.428073+00:00
MSFT,406.43,150,2026-04-16T15:03:38.528514+00:00
MSFT,406.64,453,2026-04-16T15:03:38.628993+00:00
AAPL,187.84,35,2026-04-16T15:03:38.729769+00:00
MSFT,406.19,367,2026-04-16T15:03:38.830593+00:00
AAPL,188.33,373,2026-04-16T15:03:38.931400+00:00
AMZN,184.91,371,2026-04-16T15:03:39.031869+00:00
MSFT,406.41,193,2026-04-16T15:03:39.132804+00:00
AAPL,188.67,90,2026-04-16T15:03:39.233616+00:00
AMZN,184.71,211,2026-04-16T15:03:39.334322+00:00
GOOGL,137.2,53,2026-04-16T15:03:39.434766+00:00
TSLA,170.51,151,2026-04-16T15:03:39.535152+00:00
TSLA,170.31,107,2026-04-16T15:03:39.635974+00:00
MSFT,406.04,231,2026-04-16T15:03:39.736787+00:00
AAPL,188.25,202,2026-04-16T15:03:39.837810+00:00
MSFT,405.59,149,2026-04-16T15:03:39.938645+00:00
TSLA,170.35,51,2026-04-16T15:03:40.039444+00:00
TSLA,170.61,500,2026-04-16T15:03:40.139885+00:00
AMZN,184.8,115,2026-04-16T15:03:40.240837+00:00
GOOGL,137.3,343,2026-04-16T15:03:40.341840+00:00
TSLA,170.54,494,2026-04-16T15:03:40.442650+00:00
AMZN,185.18,351,2026-04-16T15:03:40.543413+00:00
GOOGL,137.66,283,2026-04-16T15:03:40.644321+00:00
MSFT,405.27,432,2026-04-16T15:03:40.745677+00:00
TSLA,170.28,180,2026-04-16T15:03:40.846681+00:00
AMZN,184.86,417,2026-04-16T15:03:40.947552+00:00
TSLA,170.42,451,2026-04-16T15:03:41.048440+00:00
TSLA,170.27,324,2026-04-16T15:03:41.149373+00:00
MSFT,404.91,227,2026-04-16T15:03:41.250368+00:00
MSFT,404.7,52,2026-04-16T15:03:41.351300+00:00
AMZN,184.57,431,2026-04-16T15:03:41.452207+00:00
AAPL,188.14,486,2026-04-16T15:03:41.552824+00:00
MSFT,405.06,333,2026-04-16T15:03:41.653500+00:00
AAPL,187.77,153,2026-04-16T15:03:41.754246+00:00
AMZN,184.93,300,2026-04-16T15:03:41.854712+00:00
AMZN,185.08,361,2026-04-16T15:03:41.955642+00:00
GOOGL,137.61,318,2026-04-16T15:03:42.056132+00:00
AMZN,185.39,115,2026-04-16T15:03:42.155364+00:00
AAPL,187.86,208,2026-04-16T15:03:42.256615+00:00
AMZN,185.41,405,2026-04-16T15:03:42.357418+00:00
AMZN,185.9,232,2026-04-16T15:03:42.457897+00:00
AMZN,185.9,20,2026-04-16T15:03:42.558912+00:00
AAPL,187.53,272,2026-04-16T15:03:42.659359+00:00
AMZN,185.72,53,2026-04-16T15:03:42.760494+00:00
AAPL,187.38,245,2026-04-16T15:03:42.861018+00:00
MSFT,405.43,443,2026-04-16T15:03:42.961732+00:00
AAPL,187.21,122,2026-04-16T15:03:43.062166+00:00
AAPL,187.13,366,2026-04-16T15:03:43.162599+00:00
TSLA,169.82,31,2026-04-16T15:03:43.263736+00:00
GOOGL,137.42,40,2026-04-16T15:03:43.364718+00:00
AMZN,185.67,344,2026-04-16T15:03:43.465580+00:00
GOOGL,137.22,442,2026-04-16T15:03:43.566358+00:00
AAPL,186.79,70,2026-04-16T15:03:43.667185+00:00
TSLA,169.68,443,2026-04-16T15:03:43.767961+00:00
MSFT,404.93,76,2026-04-16T15:03:43.868898+00:00
AAPL,187.04,302,2026-04-16T15:03:43.969801+00:00
GOOGL,136.82,393,2026-04-16T15:03:44.070745+00:00
AMZN,185.46,381,2026-04-16T15:03:44.171705+00:00
AAPL,187.05,387,2026-04-16T15:03:44.272549+00:00
AAPL,186.75,326,2026-04-16T15:03:44.373254+00:00
GOOGL,136.86,407,2026-04-16T15:03:44.474142+00:00
AAPL,186.87,434,2026-04-16T15:03:44.575010+00:00
TSLA,169.38,90,2026-04-16T15:03:44.675965+00:00
GOOGL,137.03,343,2026-04-16T15:03:44.776930+00:00
GOOGL,136.95,369,2026-04-16T15:03:44.877828+00:00
MSFT,405.13,356,2026-04-16T15:03:44.978655+00:00
AAPL,186.75,430,2026-04-16T15:03:45.079598+00:00
MSFT,404.64,144,2026-04-16T15:03:45.180080+00:00
AMZN,185.11,168,2026-04-16T15:03:45.280893+00:00
TSLA,169.51,416,2026-04-16T15:03:45.381731+00:00
AMZN,184.76,355,2026-04-16T15:03:45.482709+00:00
